4740 5832
1031 466 1185 560 —as-

214 691 295 758 hano
317 689 504 775 particulam
536 689 755 754 adscendatur.
798 688 821 766 i)
844 685 873 750 si
904 685 977 750 ianr.
1028 685 1063 770 lr)
1087 689 1286 770 coniungitur
1318 687 1385 750 iam
1415 707 1486 752 cum
1516 689 1553 750 64
1580 689 1765 756 concessivo.
1816 689 1840 770 l)
1862 689 1926 756 4664
1948 713 2003 778 per

215 811 405 895 anaphoram
427 810 585 874 interdum
608 810 769 894 repetitur.
813 807 858 886 m)
879 806 946 869 dom
968 809 1125 874 interdurn
1147 809 1306 874 insolitam
1327 809 1423 874 habet
1446 809 1691 876 collocationem.

299 933 442 997 Aliorum
465 930 680 994 adverbiorum
702 946 909 993 commemoro
939 929 1033 994 haec:
1069 926 1171 1007 eram
1193 926 1225 1010 a)
1247 928 1413 1011 respondet
1442 928 1612 1011 particulae
1643 930 1904 999 demonstrativae
1927 934 2001 996 tam.

215 1049 249 1132 b)
271 1053 353 1116 Raro
376 1069 472 1130 quom
495 1050 662 1131 respondet
690 1067 871 1134 praegresso
902 1050 1021 1112 466466.
1065 1049 1178 1127 XXVI,
1210 1050 1237 1127 1,
1269 1052 1298 1114 3.
1343 1047 1500 1125 XXXVII,
1524 1049 1575 1124 51,
1598 1051 1627 1114 9.
1669 1051 1733 1128 XL,
1758 1053 1807 1128 46,
1831 1051 1860 1115 4.
1905 1052 2000 1116 Drak.

215 1171 253 1238 ad
277 1171 335 1248 III,
359 1173 409 1248 63,
431 1171 460 1234 3.
506 1166 536 1252 6)
559 1189 783 1252 nonnunquam
812 1171 845 1234 In
867 1170 965 1235 altero
996 1171 1137 1234 membro
1168 1171 1234 1230 tam
1264 1167 1381 1234 omittit
1420 1217 1427 1232 .
1472 1165 1506 1250 d)
1530 1169 1728 1250 coniungitur
1758 1189 1830 1234 cum
1862 1171 2001 1254 positivis

215 1289 439 1354 adiectivorum
460 1290 509 1354 vel
532 1288 775 1354 adverbiorum·
802 1290 830 1368 6)
853 1309 925 1354 666
948 1290 1143 1373 superlativis
1166 1289 1390 1356 adiectivorum
1413 1291 1446 1353 64
1467 1288 1693 1354 adverbiorum.
1738 1289 1765 1372 f)
1788 1289 1901 1359 Rarius
1929 1311 2003 1356 con·

217 1409 358 1490 iungitur
379 1427 473 1490 quom
496 1428 568 1474 cum
590 1409 700 1474 verbis.
744 1408 801 1486 III,
817 1410 866 1486 45,
884 1410 911 1473 1.
954 1409 991 1488 X,
1010 1411 1058 1486 19,
1081 1411 1109 1472 8.
1154 1408 1253 1486 XXII,
1276 1409 1325 1485 49,
1349 1408 1377 1471 4.
1421 1407 1518 1485 XXX,
1541 1409 1591 1486 44,
1615 1409 1664 1472 11.
1707 1408 1882 1488 XXXVIII,
1905 1412 1954 1490 67,
1974 1413 2003 1478 8.

218 1527 250 1609 g)
273 1529 471 1609 coniungitur
500 1549 572 1594 cum
601 1529 829 1611 negationibus.
874 1525 909 1611 h)
933 1528 1039 1610 Longe
1070 1527 1320 1610 frequentissime
1351 1545 1447 1608 qaam
1480 1528 1622 1611 sequitur
1651 1529 1876 1611 comparativus
1907 1533 1939 1596 64
1968 1551 2004 1597 66

218 1649 319 1726 verba,
349 1667 428 1730 quac
461 1648 719 1730 significationem
747 1649 865 1713 habent
898 1648 1111 1730 comparativi.
1154 1648 1177 1727 i)
1199 1645 1301 1728 666616
1332 1649 1379 1712 661
1408 1647 1519 1728 potirer
1551 1667 1775 1736 nonnunquam
1807 1653 1879 1714 ante
1908 1669 2003 1729 quaro

216 1770 381 1834 omittitur.
432 1768 472 1846 lr).
487 1787 582 1848 quom
612 1769 755 1851 seqnitur
785 1769 958 1833 numeralia
987 1769 1086 1850 iisque
1117 1771 1266 1848 regnatas
1298 1769 1449 1833 notiones.
1500 1769 1556 1846 III,
1587 1771 1657 1848 8,2
1687 1771 1780 1836 tertio
1811 1771 1859 1836 die
1891 1792 2002 1854 quarn;

216 1890 337 1973 duplex,
361 1887 525 1972 multiplex
555 1908 666 1971 quam;
699 1889 797 1973 pridie
832 1909 943 1971 quam;
976 1888 1140 1953 dimidium
1169 1888 1316 1966 militum,
1348 1907 1444 1972 quam
1464 1891 1545 1972 quod
1570 1894 1645 1966 etc.;
1678 1909 1794 1974 paucos
1825 1895 1896 1974 post
1928 1893 2003 1972 dies,

215 2028 309 2091 quarn
333 2013 390 2074 646.
443 2011 466 2087 1)
488 2029 586 2089 aeque
608 2027 712 2088 quom
757 2006 803 2091 m)
826 2008 870 2070 sic
892 2044 933 2051 —
955 2027 1051 2088 qaam
1079 2029 1142 2074 uuo
1173 2009 1240 2074 1666
1273 2009 1427 2092 reperitur
1448 2009 1502 2086 IX,
1530 2011 1580 2086 36,
1603 2012 1631 2073 6.
1681 2007 1716 2092 6)
1737 2027 1833 2088 quom
1862 2013 2003 2094 sequitur

213 2149 387 2212 pronomen
417 2127 503 2192 alios
531 2133 563 2194 64
592 2149 689 2208 voces,
722 2149 800 2212 quae
833 2129 904 2195 inde
936 2130 1101 2208 ducuntur,
1134 2128 1229 2194 etiam
1258 2129 1291 2193 in
1314 2128 1509 2194 affirmativis
1537 2129 1708 2194 seutentiIs.
1751 2128 1784 2211 o)
1807 2125 1896 2192 baed
1916 2150 2003 2194 secas

214 2267 319 2328 qoam.
358 2249 392 2332 p)
416 2251 558 2332 sequitur
580 2269 670 2315 voces
689 2251 790 2324 entra,
807 2249 1055 2329 tetrameter,
1067 2251 1247 2327 praetereo,
1265 2248 1406 2330 imsuper,
1425 2247 1523 2311 ultro.
1563 2250 1595 2332 q)
1613 2251 1688 2312 6646
1701 2267 1805 2330 quam
1842 2248 1872 2333 r)
1890 2251 2004 2332 oppido

280 2391 319 2432 m.

214 2389 279 2450 Μ
302 2487 390 2552 Adeo
412 2489 442 2568 6)
458 2489 683 2574 amplificatam
706 2491 919 2556 condicionem
942 2493 974 2556 64
995 2509 1062 2554 rem
1079 2490 1118 2556 ad
1134 2493 1254 2554 certum
1270 2489 1406 2572 aliquem
1421 2509 1586 2554 numerum
1601 2490 1650 2554 vel
1672 2489 1804 2572 gradum
1822 2496 2001 2574 provectam

218 2612 250 2674 64
280 2613 406 2675 auctam
436 2611 525 2674 notat
555 2609 670 2690 (Hand.
701 2611 832 2675 Turseli.
878 2611 902 2686 I,
924 2632 954 2695 p.
979 2609 1061 2688 139).
1106 2609 1139 2687 b)
1161 2609 1233 2675 Non
1264 2612 1407 2676 mutatur
1439 2610 1633 2692 significatio,
1667 2611 1693 2674 si
1724 2611 1848 2694 negatio
1878 2613 2002 2680 additur

218 2727 310 2812 (adeo
333 2729 420 2806 nihil,
450 2730 525 2794 adeo
549 2731 633 2810 uon).
687 2731 715 2810 a)
744 2729 821 2794 odeo
854 2731 1015 2796 notionem
1049 2729 1145 2794 habet
1177 2729 1374 2795 intensivum.
1426 2729 1601 2812 Distinguit
1630 2729 1714 2794 enim
1745 2729 1785 2807 id,
1816 2733 1899 2814 quod
1929 2737 2002 2800 6646

216 2851 322 2914 omnia
345 2853 491 2915 accurate
514 2855 546 2916 64
568 2852 701 2916 maxime
725 2851 931 2934 spectandum
954 2851 997 2914 sit
1026 2853 1081 2915 aut
1112 2850 1144 2913 in
1175 2851 1280 2932 aliqua
1310 2869 1343 2966 fe
1372 2868 1562 2933 magnopere
1593 2850 1642 2916 vel
1671 2851 1872 2934 potissimum
1902 2853 2004 2922 valeat

215 2971 329 3050 (Hand.
353 2992 383 3054 p.
410 2973 491 3052 143).
537 2973 570 3054 d)
610 2973 688 3037 tiam
717 2971 748 3036 id
778 2972 942 3054 significat
977 2971 1060 3053 quod
1093 2989 1187 3054 super
1215 2969 1344 3034 modum
1374 2969 1500 3034 additur
1531 2973 1563 3036 et
1594 2973 1716 3054 praeter
1745 2975 1848 3041 cetera
1869 2973 2002 3044 nuvium

219 3091 337 3156 accedit
358 3087 474 3172 (Hand.
497 3110 527 3174 p.
553 3091 637 3174 150).

302 3209 487 3276 Admodum.
532 3213 560 3290 a)
583 3213 630 3278 Da
654 3213 879 3295 significatione
901 3211 994 3276 huins
1017 3210 1155 3276 adverbii
1183 3211 1261 3274 bene
1291 3210 1433 3294 exposuit
1462 3209 1605 3276 HandIns
1635 3211 1659 3288 I,
1681 3232 1710 3296 p.
1734 3212 1804 3290 168,
1836 3211 1889 3294 qui
1913 3212 2004 3278 docet

217 3330 250 3395 in
272 3331 329 3396 hac
351 3333 574 3416 compositione
597 3333 859 3417 praepositionem
874 3331 919 3394 ad
932 3331 1068 3397 Indicare
1089 3349 1180 3414 posse
1196 3334 1228 3395 64
1245 3329 1285 3408 id,
1301 3331 1384 3413 quod
1404 3331 1533 3396 accedat
1554 3335 1587 3396 et
1607 3333 1796 3414 provebatur
1810 3332 1849 3397 ad
1864 3331 2002 3410 modurn,

216 3451 248 3514 et
270 3450 311 3530 id,
334 3451 417 3534 quod
440 3453 562 3536 praeter
591 3454 719 3517 modurn
750 3451 886 3528 accedat
920 3451 966 3517 ita
994 3454 1031 3514 ut
1059 3451 1152 3516 modo
1179 3469 1235 3534 per
1267 3448 1355 3525 satis,
1388 3449 1480 3515 modo
1516 3470 1571 3535 per
1600 3449 1691 3514 ealda
1720 3453 1868 3536 explicari
1896 3453 2002 3537 possit

215 3570 248 3648 b)
271 3572 473 3638 coniunctum
496 3592 568 3637 curn
591 3574 817 3656 negationibus.
859 3571 887 3650 6)
904 3571 1105 3636 coniunctum
1120 3591 1193 3636 cum
1206 3571 1385 3635 nominibus
1401 3589 1564 3636 numerum
1580 3571 1631 3635 661
1645 3573 1770 3655 tempus
1792 3573 2002 3640 indicantibus

217 3683 323 3772 (mdia
348 3690 514 3754 admodum
544 3691 680 3768 XXVII,
711 3693 761 3770 30,
793 3695 812 3756 2
841 3718 885 3746 =
912 3712 976 3756 non
1004 3693 1108 3756 miuus
1139 3709 1250 3774 quam,
1292 3690 1405 3768 XXXI,
1435 3691 1485 3768 37,
1521 3691 1560 3754 12
1595 3691 1717 3754 centum
1745 3689 1881 3769 ferme
1909 3693 2002 3772 eapti,

216 3809 371 3890 octogiuta
402 3813 627 3876 admodum
649 3811 757 3874 ornati
798 3837 842 3864 =
862 3813 1045 3888 mInimum3
1067 3816 1175 3876 contra
1196 3810 1305 3889 XLIV,
1329 3811 1413 3888 43,8
1436 3809 1603 3874 admodum
1624 3807 1737 3892 viginti
1759 3838 1801 3868 =
1823 3814 2002 3894 summurn).

302 3933 349 3997 De
372 3931 506 3998 formula
528 3951 567 3994 aa
588 3951 737 4012 amquam
758 3933 827 3998 vide
850 3933 943 3998 Gron.
965 3933 1005 3998 ad
1026 3931 1123 4010 XXX,
1142 3933 1192 4010 21,
1208 3935 1236 4010 8,
1254 3932 1307 4014 qui
1330 3930 1424 3996 dicit:
1446 3931 1582 3998 formula
1604 3935 1652 3997 est
1674 3932 1873 4000 vehementer
1889 3938 2002 4018 optan-

217 4051 297 4116 tium
321 4071 376 4136 per
398 4054 675 4136 interrogatiquem
698 4055 753 4118 aut
776 4052 870 4118 etiam
891 4053 1131 4136 indignantium,
1154 4051 1317 4117 64116661.
1340 4051 1471 4116 Turseli.
1495 4052 1537 4130 11,
1560 4073 1589 4136 p.
1613 4053 1684 4118 371.

302 4169 402 4235 Immo
423 4192 648 4256 nonnunquam
670 4173 806 4238 secundo
829 4173 896 4237 looo
919 4172 1054 4257 ponitur.

301 4291 397 4356 Modo
419 4293 590 4377 particulae
606 4292 792 4374 significatio
808 4292 962 4376 quomodo
979 4311 998 4356 6
1013 4293 1210 4358 substantivo
1224 4289 1341 4355 modas
1363 4292 1506 4356 ducenda
1528 4293 1579 4370 sit,
1602 4294 1680 4358 bene
1703 4292 1845 4376 exposuit
1859 4293 2002 4360 Handius

216 4397 400 4479 inllursell.
421 4412 478 4490 III,
494 4434 524 4497 p.
541 4413 604 4478 628
619 4432 664 4497 sq.
708 4413 738 4492 a)
757 4410 844 4476 neoda
863 4412 1024 4494 restringit
1045 4413 1213 4490 66446666,
1237 4412 1313 4478 dum
1335 4431 1401 4478 rem
1424 4411 1549 4478 cohibet
1571 4416 1604 4478 et
1627 4413 1665 4478 ab
1682 4414 1751 4480 aliis
1766 4415 1816 4480 vel
1832 4415 2003 4480 maioribus

217 4532 265 4598 vel
288 4533 417 4599 diversis
440 4533 583 4600 secludit.
628 4533 708 4598 Cum
730 4533 912 4617 pronchne
941 4532 1070 4598 relativo
1101 4533 1305 4598 coniunctum
1335 4531 1597 4614 significationem
1627 4535 1836 4600 universalem
1857 4535 2005 4602 adsciscit

215 4649 401 4732 quicumque
422 4653 471 4718 661
492 4653 734 4736 restringentem
754 4651 811 4734 poi
832 4649 965 4732 quidem,
988 4671 1061 4717 cnm
1082 4651 1266 4736 imperativo
1290 4652 1495 4717 admonitioni
1520 4653 1672 4720 maiorem
1693 4655 1757 4718 616
1779 4655 1876 4720 addit.
1921 4655 1952 4735 b)
1974 4653 2004 4718 si

216 4770 302 4836 nando
323 4773 377 4852 IV,
401 4773 449 4850 19,
472 4777 502 4838 3.
545 4773 691 4851 XXVIII,
715 4775 743 4852 8,
766 4774 794 4837 4.
838 4771 1014 4850 XXXVIII,
1038 4773 1087 4850 56,
1111 4774 1138 4838 1.
1183 4773 1326 4850 XXXIX,
1350 4773 1382 4850 1,
1406 4773 1433 4840 1.
1479 4773 1508 4852 6)
1529 4771 1617 4836 orode
1639 4798 1682 4828 =
1704 4773 1882 4840 dummodo.
1915 4774 2003 4839 brodo

215 4909 256 4953 me
275 4891 333 4970 III,
356 4893 447 4971 aa?
479 4894 601 4960 6461116
631 4895 717 4960 leals.
761 4891 795 4978 d)
817 4894 855 4960 de
886 4895 1025 4976 ternpore
1055 4892 1178 4972 dicitur,
1211 4893 1346 4958 maxime
1381 4911 1426 4971 eo,
1459 4893 1543 4976 quod
1573 4895 1712 4979 proxime
1734 4895 1903 4980 praeteriit,
1924 4915 2004 4962 non-

215 5031 377 5098 nunquam
399 5013 494 5080 etlam
516 5013 554 5078 de
576 5013 742 5078 remotiore
763 5013 931 5096 aliquanto.
975 5013 1022 5078 De
1044 5014 1183 5098 tempore
1205 5014 1343 5096 proriure
1366 5014 1575 5096 subsequente
1596 5013 1710 5093 XXVI,
1734 5015 1783 5092 15,
1806 5015 1846 5080 13
1862 5039 1906 5070 =
1920 5019 2005 5101 post-

214 5133 316 5214 modo,
342 5153 370 5199 6.
392 5132 443 5198 VV.
467 5137 499 5200 64
520 5133 623 5198 Η666.
646 5152 676 5218 p.
700 5134 771 5198 646.
817 5133 846 5214 6)
870 5135 962 5200 ruodo
986 5167 1026 5178 —
1049 5133 1152 5200 modo.
1197 5130 1225 5217 1)
1248 5134 1295 5200 De
1317 5152 1382 5197 666
1402 5131 1489 5198 modo
1512 5137 1623 5218 agetur
1643 5135 1677 5200 in
1698 5153 1773 5202 voce
1794 5153 1867 5203 mom
