4740 5832
1154 416 1308 510 gs—

337 657 428 722 saepe
451 659 506 722 pro
529 639 683 722 particula
705 639 958 720 interrogationis
982 637 1118 722 ponitur.
1142 639 1239 702 etiam
1261 638 1287 701 si
1309 611 1438 702 {erbum
1454 657 1516 700 non
1534 641 1582 701 est
1605 637 1757 714 additum,
1780 657 1799 702 a
1822 657 1882 720 quo
1903 639 2050 723 pendeat,
2073 641 2129 704 sed
2170 723 2174 730 ⁴

336 758 429 822 modo
451 761 557 822 mente
580 758 768 823 addendum.
812 755 847 838 h)
870 755 899 818 si
919 795 961 804 —
983 756 1056 818 siue.
1101 757 1123 835 i)
1146 756 1175 817 si
1197 793 1238 803 -
1260 775 1333 818 nou.

421 875 498 939 Nisi
521 879 551 957 a)
575 879 768 960 significatio.
812 877 846 958 b)
867 875 933 936 nist
954 875 1044 954 qnod.
1091 878 1120 954 o)
1142 875 1208 937 nist
1231 911 1271 921 -
1294 894 1367 938 non.
1413 877 1444 953 d)
1467 875 1534 936 nisi
1555 875 1592 936 si.

421 993 493 1060 Sive
515 1015 570 1060 seu
600 1005 630 1068 a)
653 997 750 1062 semel
778 997 906 1079 ponitur
937 998 969 1059 et
1000 998 1089 1060 alteri
1120 999 1247 1060 tanturn
1278 997 1419 1060 membro
1451 995 1587 1060 additur.
1633 995 1665 1072 b)
1695 996 1787 1076 longe
1815 997 1957 1078 plurimis
1986 998 2019 1062 in
2052 977 2129 1062 loeis

337 1116 433 1180 ouiris
457 1117 589 1181 duorum
611 1118 661 1181 vel
682 1117 820 1199 plurium
841 1115 1051 1180 membrorum
1074 1115 1209 1180 additur.
1231 1133 1235 1142 ’
1255 1115 1284 1192 o)
1307 1113 1371 1176 sive
1393 1149 1433 1160 --
1457 1113 1509 1176 oin
1531 1117 1637 1176 autem
1654 1115 1812 1192 XXXVII,
1836 1117 1884 1192 15,
1907 1118 1938 1178 2..
2112 1199 2117 1204 .

423 1233 664 1306 Coniunctiones
687 1234 892 1305 concessivae.
942 1232 1140 1314 Quamquam
1170 1233 1199 1312 a)
1223 1237 1394 1318 usurpatur
1423 1234 1625 1297 ooniunotunn
1659 1253 1732 1297 enm
1765 1235 1858 1298 verbo
1891 1235 1979 1300 finito
2013 1236 2058 1299 ita
2091 1238 2129 1298 ut

336 1351 464 1435 apodosi
486 1354 668 1436 plerumque
692 1354 827 1418 addatur
847 1355 1003 1436 particula
1024 1355 1138 1414 tumen.
1184 1352 1216 1433 b)
1239 1355 1367 1436 ponitur
1389 1353 1422 1416 in
1438 1356 1602 1417 eontracta
1617 1354 1831 1417 enuntiatione
1845 1373 1907 1417 non
1924 1356 2128 1420 eoniunotum

337 1490 409 1535 oum
430 1474 523 1537 verbo
545 1473 643 1537 finito.
688 1472 718 1554 o)
741 1474 866 1557 ponitur
888 1473 920 1536 in
943 1473 1220 1551 enuntiationibus,
1253 1491 1331 1555 quae
1358 1473 1464 1556 ,speeie
1498 1447 1624 1553 quidem
1656 1474 1687 1535 et
1713 1472 1814 1536 forma
1845 1477 1919 1537 sunt
1948 1474 2127 1556 primariae,

335 1592 470 1656 relatum
492 1591 533 1654 ad
555 1593 723 1674 superiora,
746 1597 778 1658 et
799 1593 862 1656 dim
883 1593 979 1657 habet
1001 1593 1245 1674 restringentem
1268 1595 1300 1656 et
1324 1592 1542 1673 corrigentem.

420 1709 496 1772 Etsi
517 1710 549 1795 a)
572 1713 771 1793 coniungitur
793 1731 865 1776 oum
887 1712 980 1776 verbo
1002 1712 1102 1789 finito,
1146 1710 1178 1791 b)
1193 1711 1321 1795 ponitur
1341 1712 1375 1775 in
1398 1714 1559 1776 eontracta
1583 1711 1798 1775 enuntiatione
1820 1712 1885 1776 sine
1907 1714 2001 1777 verbo
2023 1712 2125 1776 finito.
