4740 5832
1099 467 1138 534 21

1041 557 1085 566 -w
1124 557 1193 566 ·----=

225 694 381 780 primaria,
403 693 428 772 Ι,
452 694 502 771 31,
526 693 560 770 3;
584 691 636 770 IV,
659 693 709 768 30,
735 691 792 773 143
815 691 898 771 XXI,
920 691 973 772 io,
997 693 1037 758 10
1058 713 1086 758 v.
1111 691 1177 768 W.;
1200 691 1315 770 XXIII,
1338 693 1367 770 8,
1390 693 1424 768 3;
1454 689 1503 770 36,
1527 691 1576 758 10.
1622 688 1722 777 Saepe
1751 689 1845 756 etiarn
1876 709 1895 758 a
1923 687 2009 758 Livio

224 817 262 882 fit
284 815 437 884 transitus
460 815 498 880 ab
523 814 661 882 oratione
685 812 810 896 obtqua
832 814 864 878 in
885 817 1013 880 rectam.

308 935 540 1002 annotationis
563 939 761 1004 secundariae
785 935 850 998 vice
873 933 1016 1017 fungitur
1031 931 1251 1014 participium,
1275 934 1358 1016 quod
1380 937 1435 999 aut
1457 933 1497 998 ad
1520 933 1707 1000 substantivi
1728 934 1784 996 aut
1806 932 1845 998 ad
1868 931 2011 1000 adieetiii

224 1061 280 1124 aut
302 1057 342 1122 ad
365 1058 450 1123 verbi
473 1057 732 1140 significationem
754 1057 882 1152 proptus
904 1059 1008 1140 potest
1030 1055 1184 1121 accedere.
1221 1053 1425 1140 Participium
1446 1055 1576 1141 perfecti
1597 1054 1712 1139 passivi
1728 1071 1799 1120 oum
1815 1052 2010 1118 substantivo

223 1181 428 1245 coniunctum
457 1198 553 1244 unam
575 1199 647 1244 erun
678 1198 713 1246 eo
743 1179 902 1244 notionem
932 1177 1037 1255 efficit,
1067 1195 1146 1261 quae
1179 1179 1228 1242 est
1260 1196 1315 1261 pro
1347 1177 1540 1242 substantivo
1568 1175 1735 1252 abstracto,
1764 1175 1842 1240 item
1863 1175 2012 1240 neutrum

222 1301 318 1365 huius
339 1299 494 1384 participii
516 1319 570 1384 per
592 1319 625 1368 se
649 1301 751 1366 scium
772 1301 838 1364 vice
862 1297 1003 1380 fungitur
1025 1298 1214 1364 substantivi
1241 1297 1374 1362 verbalis
1403 1293 1439 1376 (Ι,
1462 1297 1512 1372 34,
1542 1297 1562 1360 4
1591 1293 1686 1378 docto
1712 1293 1748 1358 ia
1776 1292 2011 1358 matrimonium

227 1417 404 1499 Tanaquii;
426 1419 570 1496 XXXIX,
594 1422 644 1498 51,
669 1422 685 1485 1
710 1421 853 1498 receptas
874 1455 916 1464 -
938 1415 1728 1498 Horarum;1‚53‚1mpmcrcrcm,v.urar.;
1761 1413 1830 1489 VII,
1854 1415 1925 1492 ab
1955 1409 2012 1478 diu
2128 1435 2135 1448 ·

226 1557 291 1603 moa
306 1536 514 1618 perlitatum·
541 1539 655 1618 XXIX,
679 1541 727 1618 10,
751 1541 920 1620 iproptcr
942 1537 1081 1602 crebrius
1102 1558 1135 1602 ec
1156 1557 1242 1602 ummo
1263 1535 1302 1602 de
1323 1533 1406 1600 caclo
1428 1533 1607 1616 lapidatum
1629 1532 1713 1618 eta).
1757 1535 1828 1601 Duo
1851 1535 1900 1600 rel
1922 1536 2012 1618 plura

226 1659 390 1745 partieipia
413 1655 483 1743 (pro
507 1678 639 1742 qnorum
661 1681 723 1726 uno
755 1661 851 1726 etiam
881 1630 1070 1725 adieetinum
1102 1660 1240 1743 positum
1271 1677 1339 1724 ιιιι
1369 1656 1485 1742 potest)
1512 1657 1596 1721 haud
1623 1676 1693 1723 raro
1725 1647 1910 1725 invadimur
1940 1672 2013 1720 con·

224 1782 406 1862 Iunguntur.
450 1780 617 1864 Participia
640 1799 712 1846 cunr
735 1781 877 1846 ablativis
900 1781 1051 1846 absolutis
1081 1779 1239 1844 interdum
1271 1797 1326 1864 per
1357 1756 1605 1844 coniunctionem
1637 1776 1846 1860 copulativam
1875 1776 1925 1840 rel
1951 1775 2013 1840 dis-

224 1899 394 1965 iunctiram
417 1901 657 1983 coniunguntur.
703 1900 905 1984 Partioipium
922 1899 1053 1984 perfecti
1074 1899 1189 1984 passivi
1212 1900 1249 1964 de
1271 1918 1303 1964 re
1325 1899 1495 1982 praeterita
1516 1917 1608 1983 saepe
1629 1898 1868 1982 irrumpatur,
1890 1901 2012 1963 utnon

224 2020 255 2086 id
277 2021 402 2102 tempus
425 2021 617 2104 respiciatur,
641 2040 701 2106 quo
724 2039 773 2086 res
802 2025 892 2104 gesta
918 2025 975 2099 ιιι,
1003 2021 1058 2086 sed
1080 2021 1146 2086 eins
1170 2020 1312 2102 quirem
1334 2021 1440 2084 nanat
1462 2005 1639 2102 ἀορίστως,
1663 2020 1699 2082 ιιι
1713 2018 1757 2082 ita
1776 2017 1887 2083 dinam.
1932 2016 2011 2082 Aliis

224 2143 333 2205 contra
355 2141 431 2206 locis
453 2141 653 2226 participium
674 2143 799 2226 ponitur
821 2141 860 2206 de
883 2142 1005 2207 actione
1026 2140 1196 2225 praeterita
1218 2141 1272 2217 ita,
1294 2143 1332 2205 ut
1353 2140 1434 2205 ratio
1448 2139 1603 2204 habeatur
1625 2138 1691 2202 eins
1707 2138 1865 2222 temporis,
1881 2138 1913 2204 in
1930 2137 2011 2221 quod

224 2261 306 2325 actio
330 2261 477 2344 primaria
498 2261 617 2328 incidit.
663 2261 836 2346 Separatim
859 2261 970 2327 deinde
1001 2261 1184 2326 tractandae
1215 2263 1307 2325 erunt
1337 2260 1568 2326 enunbationes
1598 2259 1848 2340 interrogativae,
1879 2258 2012 2340 denique

223 2381 404 2464 particulae,
427 2400 505 2464 quae
527 2383 656 2447 maximi
678 2386 752 2447 sunt
775 2383 814 2448 ad
837 2383 1010 2448 orationem
1041 2380 1297 2446 conformandam
1319 2381 1480 2446 momenti.
1522 2379 1753 2444 Nonnullarum
1780 2397 1817 2444 ex
1846 2379 1896 2444 his
1918 2397 2011 2446 usum

225 2502 347 2566 varium
369 2502 400 2566 in
424 2504 563 2567 extrema
585 2503 643 2568 hac
666 2503 877 2587 disputatione
901 2503 1033 2568 adiciam
1057 2503 1088 2566 ιι
1110 2502 1153 2565 ita
1176 2502 1310 2585 quidem,
1332 2504 1370 2566 ut
1391 2501 1515 2566 initium
1537 2500 1651 2564 faciam
1666 2499 1705 2564 ab
1724 2500 1877 2564 adrerbiIs
1900 2500 1968 2565 loci.

312 2619 392 2683 Iade
415 2619 446 2704 a)
470 2622 508 2686 de
530 2623 599 2688 ioco
623 2623 745 2701 dicitnr,
769 2623 852 2687 unde
875 2623 991 2706 aliquid
1015 2623 1077 2687 erit
1098 2622 1147 2686 ιιΙ
1171 2622 1333 2687 emittitur.
1377 2620 1410 2704 b)
1434 2622 1475 2686 ad
1505 2636 1562 2686 res·
1586 2619 1730 2697 refertur,
1761 2639 1779 2684 a
1810 2620 1922 2702 quibus
1951 2620 2011 2686 looi

223 2739 310 2805 notio
332 2760 395 2805 non
418 2741 519 2806 aliena
541 2745 598 2820 ιιι,
622 2744 685 2808 sive
708 2743 748 2807 nd
771 2761 816 2820 ea,
839 2744 922 2808 unde
946 2743 1019 2825 quid
1043 2743 1193 2826 originem
1216 2743 1310 2806 ducit.
1356 2742 1379 2821 I,
1404 2744 1430 2820 i,
1453 2743 1481 2806 3.
1527 2742 1575 2819 18,
1598 2743 1617 2806 5
1640 2757 1710 2821 repo
1732 2737 1806 2802 imie
1828 2741 1883 2818 (π
1903 2759 1939 2805 ιιι
1960 2741 2011 2819 iis)

225 2862 358 2938 smmpto.
403 2859 443 2938 ΙΙ,
461 2863 547 2939 32,8
573 2859 644 2924 iacto
667 2861 709 2945 (h.
735 2882 760 2927 e.
788 2882 823 2928 ex
845 2860 950 2946 plebe)
965 2861 1121 2925 oriundus
1143 2863 1221 2923 crat.
1266 2863 1317 2938 39,
1341 2865 1360 2926 6
1382 2864 1419 2924 at
1448 2859 1606 2924 discordia
1628 2857 1702 2924 iricio
1724 2896 1766 2906 —
1788 2863 1930 2924 oreretur
1952 2864 2011 2926 eto.

227 2978 255 3058 c)
271 2979 419 3061 partitiva
436 2983 605 3065 usurpatur
621 2983 857 3064 significatione.
897 2980 930 3064 d)
953 2983 1112 3048 notionem
1134 2982 1230 3048 habet
1253 3001 1373 3048 causae.
1418 2979 1447 3064 e)
1468 2982 1653 3065 significatio
1676 2981 1737 3047 ioci
1759 2980 1950 3046 transfertur
1971 2981 2009 3046 ad

227 3099 359 3182 tempus,
383 3102 420 3165 nt
440 3101 524 3167 idem
546 3103 599 3179 sit,
622 3102 704 3184 quod
727 3099 847 3164 deindo.
892 3100 920 3186 f)
944 3105 1128 3168 continuum
1150 3106 1182 3168 et
1204 3103 1385 3167 universum
1407 3106 1532 3188 tompus
1565 3102 1716 3184 designat,
1744 3101 1798 3166 nbi
1828 3102 2011 3186 pierumque

228 3239 330 3304 praep.
352 3219 391 3285 oo
414 3241 485 3287 curn
507 3223 632 3287 nomine
656 3224 804 3306 sequitur.
847 3224 872 3302 Ι,
891 3225 957 3303 2,3
979 3223 1046 3314 inm
1068 3221 1141 3286 iude
1164 3220 1203 3284 ob
1225 3220 1318 3284 initio
1340 3225 1398 3287 eto.

311 3335 398 3404 Hinc
420 3341 451 3425 a)
475 3343 513 3407 de
536 3344 603 3406 loco
627 3343 749 3408 dicitur.
794 3343 827 3427 b)
851 3344 1017 3428 opponitur
1039 3341 1138 3419 illinc,
1161 3362 1232 3407 cunr
1256 3363 1315 3425 quo
1344 3361 1436 3427 saepe
1466 3341 1673 3424 coniungitur.
1717 3340 1748 3426 c)
1771 3339 1907 3406 bimo-
1929 3339 2011 3405 himo.

225 3456 259 3542 d)
282 3461 320 3526 ud
344 3483 494 3546 personas
517 3465 567 3529 rel
588 3483 637 3529 ιιι
660 3465 849 3530 transfertur
871 3468 903 3530 et
924 3465 1020 3530 habet
1040 3465 1200 3530 interdum
1224 3465 1318 3529 etiam
1341 3464 1600 3546 significationem
1623 3482 1743 3530 aarrsae.
1788 3461 1819 3547 e)
1834 3465 1893 3532 loci
1916 3465 2011 3548 signi·

224 3581 328 3649 ficatio
351 3585 540 3650 transfertur
563 3585 601 3649 ad
625 3587 759 3670 tempus.

313 3700 376 3768 Ubi
399 3702 429 3786 a)
454 3704 491 3768 de
514 3705 581 3770 Iooo
604 3703 726 3784 dicitur,
750 3707 782 3772 in
806 3726 866 3789 quo
889 3706 1005 3788 aliquid
1029 3709 1084 3771 ιιι.
1129 3708 1161 3786 b)
1185 3706 1369 3787 significatio
1393 3705 1452 3770 loci
1482 3705 1670 3771 transfertur
1698 3705 1737 3770 ad
1766 3706 1851 3789 ipsas
1881 3726 1930 3772 res
1962 3709 2011 3772 vel

223 3842 375 3908 personas
398 3845 562 3911 rerumque
586 3826 790 3906 condiciones,
813 3829 849 3892 ut
871 3831 1006 3912 ponatur
1027 3847 1083 3912 pro
1106 3829 1335 3912 praepositione
1367 3847 1438 3892 eum
1468 3827 1648 3912 pronomine
1678 3827 1816 3894 relativo.
1861 3829 1890 3908 c)
1913 3830 2010 3913 signi·

223 3944 329 4010 ficatio
352 3946 413 4010 loci
434 3946 624 4011 transfertur
645 3947 684 4012 ad
708 3950 841 4030 tempus.

308 4063 362 4128 Ibi
383 4065 413 4146 a)
437 4068 551 4133 dicitur
573 4067 611 4132 de
634 4068 701 4132 loco
724 4071 757 4134 et
779 4069 817 4134 de
839 4071 941 4148 rebus,
965 4088 983 4134 a
1006 4070 1119 4152 quibus
1140 4071 1227 4134 notio
1260 4070 1320 4134 loci
1351 4089 1415 4134 non
1446 4071 1547 4136 aliena
1576 4071 1632 4135 est.
1689 4067 1722 4152 b)
1754 4072 1942 4137 transfertur
1971 4075 2010 4142 ad

222 4185 306 4269 ipsas
329 4207 378 4252 res
401 4207 566 4272 rerumque
589 4189 796 4255 condiciones.
842 4191 872 4272 o)
895 4189 933 4254 de
956 4192 1097 4272 ternpore
1120 4190 1243 4254 dicitur.

307 4304 397 4370 Alibi
422 4305 454 4391 a)
485 4308 613 4374 deloco
643 4310 764 4389 dicitur,
793 4311 847 4376 ubi
876 4329 1102 4393 nonnunquam
1131 4311 1228 4375 semel
1257 4313 1306 4376 vel
1337 4312 1384 4377 bis
1412 4313 1573 4396 repetitur.
1623 4311 1656 4391 b)
1687 4333 1742 4396 per
1772 4315 2010 4381 translationem

224 4427 338 4492 dieitur
360 4448 414 4511 pro
437 4427 514 4492 otiis
535 4429 572 4495 iu
593 4427 694 4493 rebus.

309 4545 413 4628 Prope
443 4547 474 4632 a)
498 4551 537 4616 de
559 4551 794 4635 propinquitate
823 4551 883 4615 Ioni
914 4553 1093 4634 usurpatur.
1150 4551 1182 4630 b)
1213 4553 1413 4634 coniungitur
1445 4573 1517 4618 curn
1550 4555 1643 4618 verbo
1671 4573 1744 4630 osso,
1776 4559 1813 4621 ut
1846 4557 2009 4636 indicetur,

223 4668 365 4752 paullum
388 4671 495 4735 abesse
520 4673 593 4753 quin
618 4673 735 4754 aliquid
756 4673 823 4736 fiat.
869 4672 897 4749 c)
921 4671 959 4735 de
983 4671 1163 4749 redibitur,
1187 4673 1270 4754 quod
1293 4692 1388 4758 prope
1411 4677 1519 4739 estut
1541 4675 1659 4740 sitant
1682 4677 1748 4754 fiat,
1776 4678 1812 4740 ut
1838 4677 1900 4742 fere
1928 4678 2010 4742 idem

223 4789 378 4872 significet
401 4791 483 4873 quod
504 4789 612 4870 sermo,
635 4791 712 4871 fere.

311 4906 430 4974 Oomtru
453 4907 485 4991 a)
508 4911 622 4976 dicitur
644 4913 682 4977 de
704 4912 771 4977 loeo
793 4937 838 4964 =
859 4931 895 4976 ιιι
918 4911 1055 4988 adverso,
1079 4929 1095 4975 ι
1117 4913 1252 4991 regione.
1297 4911 1331 4996 b)
1354 4915 1532 4997 usurpatur,
1556 4915 1583 4979 si
1604 4933 1654 4978 res
1677 4915 1726 4979 vel
1747 4935 1899 5000 personae
1926 4919 2010 4982 iuter

224 5051 256 5096 se
281 5031 490 5114 opponuntur.
536 5028 566 5114 o)
590 5031 703 5096 dicitur
726 5031 764 5095 de
786 5035 875 5098 motu
897 5051 934 5096 ex
956 5032 1023 5096 loeo
1047 5031 1176 5096 adverso
1200 5035 1232 5098 et
1246 5033 1430 5110 actionibus,
1447 5053 1525 5117 quae
1549 5055 1586 5100 ex
1601 5036 1699 5100 altera
1719 5039 1807 5120 parte
1823 5037 2010 5118 diriguntur,

226 5170 287 5233 qua
309 5150 516 5233 signifiatione
540 5171 611 5217 oum
633 5151 734 5218 verbis
758 5153 956 5234 coniungitur
979 5155 1011 5217 et
1032 5153 1190 5217 interdum
1207 5153 1331 5218 hostilis
1350 5154 1472 5220 enimus
1489 5155 1670 5238 exprimitur
1688 5157 1727 5236 (v.
1742 5155 1845 5224 Hand.
1863 5157 1953 5223 Τιιιι.
1970 5157 2010 5238 ΙΙ,
