4740 5832
1129 463 1148 530 5

1065 551 1218 560 *—

248 686 385 750 Tantane
399 687 491 770 longe
506 687 649 771 plurimis
662 688 739 753 loois
754 687 786 751 in
802 705 871 752 earn
887 705 920 752 se
935 687 1088 753 convertit
1102 687 1370 770 significationem,
1382 691 1418 754 ut
1433 691 1474 756 rit
1491 711 1547 774 pro
1563 691 1717 770 adverbio,
1731 714 1793 778 qua
1808 696 2034 778 significatione

246 809 372 876 additur
394 809 492 874 etiam
513 809 725 874 numeralibus
741 805 831 888 (daos
853 805 1106 886 mainnerius
1128 810 1253 870 tantam
1275 808 1419 874 mininis
1440 809 1522 892 etat
1566 812 1708 896 Denique
1731 816 1888 898 pertinent
1908 819 1947 882 ad
1970 839 2034 886 acc.

244 930 469 1014 progressionis
492 929 587 995 enam
609 929 756 994 adverbia
778 928 1062 1012 comparativorum
1091 931 1123 993 et
1145 905 1408 1012 superlativorum
1425 933 1595 996 accusativi
1617 932 1750 999 formam
1771 935 1929 1016 habentia,
1951 938 2036 1004 velut

244 1067 399 1112 mimam
421 1049 518 1132 (XXI,
542 1051 629 1126 35‚9
652 1051 685 1114 et
706 1049 774 1114 aliis
797 1046 896 1128 locis).
921 1081 960 1092 -
982 1047 1031 1113 Ad
1054 1066 1116 1113 aco.
1139 1049 1298 1131 qualitatis
1321 1050 1456 1134 primum
1479 1054 1603 1136 spectat
1624 1053 1664 1130 is,
1685 1055 1739 1137 qni
1768 1056 1874 1138 stirpis
1897 1058 2035 1124 eiusdem

245 1173 278 1235 et
299 1169 429 1254 originis
452 1174 501 1236 est
522 1173 616 1254 atque
639 1170 768 1236 verbum
790 1165 932 1248 (saunas
953 1165 1058 1247 forme
1081 1171 1112 1234 et
1134 1167 1271 1252 similia),
1305 1173 1361 1235 aut
1393 1171 1485 1236 verbo
1517 1177 1668 1254 cognatae
1699 1175 1945 1256 significationis,
1980 1182 2037 1244 ant

244 1309 415 1375 pronomen
438 1287 526 1371 (baec
547 1288 577 1352 si
597 1287 755 1371 indiqnor,
780 1285 821 1363 id,
850 1286 940 1368 qaod,
970 1286 1055 1368 qnid,
1084 1285 1217 1368 aliquid,
1246 1287 1409 1370 erupuit,
1439 1287 1544 1373 nibil).
1598 1291 1762 1358 Proximus
1796 1300 1845 1361 est
1877 1315 1940 1362 acc.
1964 1303 2036 1382 post

245 1411 341 1475 verbs
362 1410 535 1476 affectuum
557 1411 689 1494 positus,
711 1413 748 1475 nt
769 1405 907 1484 torrere,
930 1407 1045 1483 timere,
1067 1406 1183 1489 tepere,
1207 1408 1306 1488 queri,
1337 1407 1459 1488 desiere.
1504 1411 1625 1476 Deinde
1656 1415 1797 1496 sequitur
1826 1417 1974 1499 supinum
2002 1419 2035 1484 in

245 1547 321 1596 am
343 1533 496 1610 desinens,
520 1532 661 1614 denique,
695 1531 749 1613 qui
783 1547 912 1615 campus
945 1533 994 1596 est
1025 1530 1178 1594 latissime
1211 1533 1331 1614 patens,
1363 1530 1463 1614 quivis
1498 1532 1694 1599 accusativus
1728 1533 1881 1601 liberioris
1914 1537 2036 1604 obiecti.

246 1650 407 1717 Postremo
430 1650 545 1735 duplex
566 1651 763 1717 aecusativus
786 1651 983 1735 spectandus
997 1650 1065 1715 erit.

330 1757 594 1837 ln'desorioenuo
616 1769 722 1835 datiae
744 1771 869 1836 initium
891 1771 949 1836 fiat
979 1789 998 1835 a
1028 1770 1092 1834 dat.
1122 1770 1294 1852 qualitatis.
1345 1771 1477 1836 Dativns
1510 1791 1581 1837 cum
1615 1773 1765 1839 remotius
1796 1775 1952 1840 obiectum
1983 1797 2035 1842 er·

245 1892 361 1976 primat
383 1891 424 1973 (v.
449 1895 531 1974 synt.
556 1891 646 1957 Luer.
667 1913 697 1976 p.
721 1889 787 1974 39),
810 1890 894 1974 quod
916 1891 1061 1955 effectum
1083 1889 1215 1955 actonis
1237 1890 1339 1956 disere
1361 1893 1471 1975 possis,
1502 1893 1658 1976 passivam
1688 1893 1790 1976 magis
1816 1898 1873 1960 ant
1900 1897 2034 1963 activam

245 2012 507 2094 significationem
529 2013 644 2077 habere
666 2014 780 2096 potest,
803 2012 949 2095 quoniam
973 2010 1102 2078 effectus
1123 2011 1175 2076 ille
1198 2011 1336 2076 vicissim
1365 2013 1495 2077 verbum
1524 2013 1650 2098 respicit
1679 2017 1711 2078 et
1742 2014 1804 2079 vim
1831 2033 1922 2081 snam
1943 2017 1976 2082 in
1999 2037 2034 2082 eo

245 2136 379 2196 exercet.
424 2131 534 2196 Prouti
556 2135 662 2198 autern
685 2133 740 2198 aut
761 2132 885 2215 passiva
907 2135 964 2197 aut
985 2132 1087 2198 active
1109 2131 1296 2213 significatio
1327 2131 1428 2212 mame
1450 2133 1618 2218 conspicua
1646 2136 1695 2199 est
1725 2136 1757 2198 et
1778 2136 1946 2219 praevalet,
1974 2137 2035 2202 dis·

245 2251 348 2332 tingui
377 2255 482 2336 potest
504 2253 586 2318 inter
607 2250 750 2314 datium
778 2250 905 2331 effectes
936 2255 969 2317 et
997 2249 1061 2314 dot.
1084 2249 1260 2332 maginem
1275 2247 1422 2336 (δοτικὴν
1437 2248 1641 2338 derepente).
1674 2253 1725 2318 Ad
1747 2254 1888 2320 dativum
1907 2255 2035 2324 effectus

244 2372 405 2455 pertinent
426 2372 522 2437 dativi
544 2373 702 2439 coniuncti
724 2391 798 2438 cnm
818 2373 920 2439 verbis
946 2367 1114 2445 consulere,
1135 2389 1256 2446 oerore,
1278 2368 1403 2446 nabere,
1426 2373 1536 2436 cador
1563 2389 1642 2448 earn,
1664 2373 1846 2454 temperare,
1868 2373 2035 2454 moderari,

239 2489 444 2569 paneadae,
466 2489 617 2567 taedae,
639 2489 746 2572 fidere,
769 2489 910 2568 walam,
933 2489 1045 2565 deesse,
1066 2489 1244 2566 obtrectare,
1266 2490 1375 2571 sacae
1397 2495 1429 2556 et
1450 2493 1727 2559 innumerabilibus
1750 2494 1828 2572 aliis,
1858 2515 1919 2578 qno
1941 2499 2036 2580 perti·

245 2616 321 2677 nent
343 2613 438 2678 etiam
460 2612 555 2679 verba
587 2613 691 2691 dandi,
725 2613 891 2691 adimendi,
925 2611 1117 2690 detrahendi,
1145 2612 1283 2692 negandi
1311 2615 1344 2678 et
1365 2612 1500 2696 plurima
1522 2613 1674 2679 adiectiva
1697 2632 1768 2680 curn
1791 2615 1895 2680 dativo
1917 2617 2034 2684 iuncta.

244 2731 316 2798 Huc
345 2733 467 2800 aceedit
493 2733 557 2798 det.
590 2733 744 2799 commodi
772 2736 804 2798 et
834 2731 1021 2796 incommodi
1055 2733 1205 2798 latissime
1241 2731 1362 2815 patenti
1396 2731 1630 2813 significatione,
1661 2733 1769 2800 itidem
1807 2735 1870 2800 dat.
1904 2737 2034 2803 ethicus.

244 2853 386 2936 Denique
408 2853 609 2935 coniungitur
631 2854 754 2919 dativus
777 2852 907 2918 effeetus
928 2852 974 2916 rei
996 2851 1091 2917 etiam
1113 2871 1186 2919 oum
1207 2853 1310 2918 verbis
1332 2869 1406 2928 esse,
1436 2850 1523 2928 dere,
1552 2852 1591 2917 ad
1622 2873 1716 2936 quem
1745 2856 1929 2940 plerumque
1956 2858 2035 2924 alter

244 2973 369 3038 dativus
391 2991 542 3057 personae
565 2973 695 3040 aceedit.
716 3009 758 3020 —
781 2973 914 3038 Dativns
941 2973 1103 3054 energicus
1134 2973 1271 3057 primum
1303 2973 1330 3037 is
1365 2975 1422 3050 est,
1457 2973 1510 3056 qui
1543 2991 1616 3038 cum
1648 2974 1740 3040 verbo
1762 2991 1827 3037 esse
1849 2977 2033 3046 coniunctus

244 3095 366 3178 proprie
389 3113 600 3178 possessorem
622 3095 774 3178 exprimit,
799 3093 910 3158 deinde
932 3092 1055 3158 dativus
1077 3093 1232 3177 participii
1255 3089 1530 3176 (descendentibus,
1552 3111 1623 3156 cere
1643 3091 1827 3157 aestimanti
1853 3095 1935 3175 etc),
1965 3101 2034 3164 tum

245 3214 359 3299 duplex
382 3215 506 3280 dativus
529 3215 714 3279 coniunctus
736 3233 809 3278 curn
831 3211 910 3289 treet,
932 3209 1011 3274 miti
1032 3230 1144 3275 nomen
1164 3213 1211 3274 est
1232 3232 1256 3278 s.
1280 3210 1413 3276 inditur.
1456 3212 1587 3278 Accedit
1607 3213 1732 3278 dativus
1754 3216 1939 3283 coniunctus
1963 3239 2035 3285 cum

242 3335 345 3400 verbis
367 3336 507 3420 passivis,
540 3335 682 3418 inprimis
716 3333 866 3415 gerundia
896 3335 929 3398 et
955 3333 1135 3414 gervmdivo,
1166 3333 1299 3418 denique
1324 3334 1426 3398 multa
1455 3334 1614 3428 adiectiva,
1645 3335 1731 3400 velut
1754 3336 1876 3414 protes,
1902 3335 2034 3414 inrisas,

242 3453 343 3530 atitis,
365 3452 481 3536 facitis
504 3452 639 3535 ipnotas,
671 3455 876 3534 opportunas,
899 3454 968 3517 alia.
993 3487 1031 3497 -
1055 3454 1187 3518 Dativns
1217 3455 1400 3536 quantitatis
1429 3455 1565 3537 primum
1595 3457 1721 3539 ponitur
1749 3457 1933 3524 coniunctus
1963 3477 2035 3524 eum

243 3577 421 3642 notionibus
443 3575 695 3660 propinquitatis,
719 3594 779 3658 quo
803 3574 962 3658 pertinent
978 3571 1190 3653 propinquas,
1206 3572 1350 3654 propior,
1367 3573 1543 3654 moriam,
1572 3576 1702 3642 verbnm
1725 3575 1955 3658 propinquare,
1977 3577 2034 3642 ud·

243 3693 329 3775 find,
352 3697 533 3762 adverbium
556 3694 658 3758 iaxta.
702 3695 821 3760 Deinde
846 3695 970 3760 dativus
994 3695 1179 3777 quantitatis
1201 3698 1259 3772 est,
1275 3696 1325 3779 qni
1347 3695 1486 3778 sequitur
1500 3697 1642 3762 notiones
1657 3697 1808 3762 miscendi
1831 3701 1863 3763 et
1886 3700 2035 3782 iungendi

244 3833 280 3882 ac
310 3818 436 3896 similes,
465 3817 505 3882 ad
533 3835 612 3901 quas
642 3815 796 3881 accedunt
824 3815 959 3899 plurima
984 3815 1079 3880 verba
1108 3815 1279 3899 composita
1302 3835 1374 3880 cum
1395 3817 1675 3901 praepositionibus
1704 3818 1774 3896 loci,
1801 3820 1888 3884 velut
1913 3817 1965 3896 ad,
1987 3819 2033 3896 in,

242 3933 335 4012 inter,
357 3935 424 4013 snb,
446 3955 550 4016 snper,
574 3936 652 4014 aliis,
675 3936 719 4000 ita
741 3939 855 4014 tamen,
878 3938 914 4000 ut
936 3954 999 4000 non
1021 3953 1145 4019 semper
1165 3954 1257 4000 verus
1285 3936 1382 4014 locus,
1410 3936 1466 4002 sed
1486 3956 1712 4021 nonnunquam
1735 3939 1832 4004 etiam
1853 3957 1910 4023 per
1931 3944 2033 4006 meta·

241 4058 374 4142 pharam
395 4057 575 4123 intellectus
597 4056 759 4121 iudicetur.
803 4056 945 4139 Denique
968 4054 1092 4120 dativus
1114 4055 1302 4138 quantitatis
1333 4059 1382 4122 est
1410 4057 1536 4124 iunctus
1566 4059 1745 4124 notionibus
1768 4058 1980 4125 similitudinis
2002 4061 2035 4125 et

241 4179 442 4261 aequalitatis
465 4195 633 4261 earumque
656 4177 827 4254 contrariis,
850 4173 973 4252 similis,
996 4171 1170 4249 dissimiles,
1186 4193 1263 4254 por,
1273 4174 1410 4254 pariter,
1433 4175 1554 4258 dispar,
1573 4175 1727 4258 aequatis,
1742 4197 1871 4260 aequas,
1886 4198 2033 4262 matare,

241 4296 458 4379 aequiperare.
502 4297 574 4362 Huc
596 4297 717 4362 accedit
739 4297 905 4376 superstes,
928 4295 1010 4379 qnod
1034 4295 1072 4360 de
1095 4298 1234 4380 tempore
1257 4297 1333 4362 dicit
1370 4344 1377 4360 .

327 4417 497 4484 Genetivus
513 4418 660 4484 dividitur
674 4418 707 4482 in
722 4417 929 4483 subiectivum
945 4419 977 4481 et
992 4416 1190 4494 obiectivnm,
1205 4418 1335 4501 uterque
1358 4418 1472 4483 iterum
1487 4417 1519 4481 in
1535 4437 1602 4501 gen.
1615 4419 1800 4501 quantitatis
1816 4421 1847 4484 et
1862 4419 2032 4503 qualitatis.

243 4539 291 4602 Ad
306 4556 374 4620 gen.
387 4539 593 4621 subjectivum
609 4538 794 4622 quantitatis
809 4536 946 4622 primurn
961 4536 1097 4620 pertinet
1111 4554 1181 4618 gen.
1194 4537 1372 4620 partitivus,
1390 4537 1500 4604 deinde
1516 4557 1584 4621 gen.
1596 4539 1695 4604 totius
1711 4540 1793 4624 quod
1808 4540 1909 4604 mensi
1924 4560 2033 4607 sumus

243 4657 471 4741 (quadruplata
493 4657 615 4722 talenta
635 4657 771 4741 arpenti,
787 4654 941 4739 paediam
960 4653 1066 4732 maisi,
1081 4673 1231 4736 mmane
1252 4655 1407 4738 frementi
1428 4675 1595 4721 nanarrnn
1617 4656 1700 4743 eta),
1723 4659 1763 4724 ad
1785 4678 1855 4741 gen.
1872 4661 2033 4742 qualitatis

242 4781 402 4862 genetivus
418 4797 568 4864 personae
584 4780 633 4846 vel
648 4779 700 4857 rei,
713 4779 801 4844 euius
817 4777 933 4861 aliquid
950 4777 1111 4861 proprium
1126 4781 1174 4842 est
1189 4773 1316 4861 (operae
1331 4779 1385 4855 est,
1397 4777 1661 4859 operaepretium
1675 4781 1720 4842 est
1735 4778 1809 4861 eto.)
1822 4783 1855 4845 et
1868 4783 2033 4863 genetivus

242 4901 438 4982 possessoris.
482 4899 651 4965 Genetivns
668 4899 838 4964 obiectivus
854 4898 1040 4982 quantitatis
1064 4897 1283 4981 complectitur
1297 4900 1476 4981 genetivum
1490 4919 1655 4966 mensurae
1670 4898 1829 4982 (eorormm
1843 4900 1943 4981 parci
1951 4921 2034 4983 pore·

241 5016 328 5084 deria
343 5018 426 5101 etc),
443 5019 621 5102 genetivum
635 5019 736 5103 pretii,
756 5020 935 5100 genetivum
950 5018 1100 5084 materiae
1114 5015 1172 5098 (sie
1183 5016 1225 5096 Π,
1238 5019 1318 5097 64,3
1333 5017 1474 5100 inpentes
1485 5057 1526 5068 —
1532 5017 1675 5100 praedas
1689 5017 1849 5084 dominam
1868 5039 2035 5100 peremne

241 5157 301 5220 qne
323 5137 406 5222 eta).
442 5138 612 5205 Genetivus
635 5139 796 5222 qualitatis
818 5144 875 5206 aut
896 5140 1064 5224 respondet
1086 5140 1221 5205 ablativo
1244 5139 1407 5223 qualitatis
1422 5137 1622 5223 (vehementis
1643 5139 1765 5224 inperii
1786 5139 1857 5224 eir),
1879 5147 1936 5209 ant
1958 5162 2032 5210 con·
