4740 5832
1263 441 1302 507 16

1205 529 1359 540 ——t

389 679 423 728 re
444 663 624 746 praeterita,
655 662 710 727 sad
743 681 821 746 quoe
856 666 1007 747 tanquam
1039 683 1187 750 praesens
1221 665 1324 732 animo
1357 665 1621 750 repraesentatur,
1653 665 1726 749 post
1755 663 1885 730 verbum
1915 667 2052 744 memini,
2084 672 2122 737 de
2144 691 2177 738 re

390 782 498 850 lutura
519 801 744 866 nonnunquam
766 786 963 867 postrema,
986 786 1041 850 ubi
1062 786 1245 870 plerumque
1268 787 1400 870 tempori
1422 787 1528 851 futuro
1552 785 1639 850 locus
1663 786 1720 862 est,
1741 785 1827 849 uelut
1851 781 2006 864 polliceri,
2037 805 2176 866 sperare,

390 903 524 986 denique
547 904 573 969 si
594 904 798 986 magistratus
819 904 916 971 refert
938 906 976 970 de
999 907 1104 989 aliqua
1125 925 1167 984 re,
1189 907 1265 972 item
1287 908 1320 971 in
1343 910 1471 972 senatus
1502 905 1652 971 consultis
1686 908 1718 970 et
1747 905 1856 989 populi
1884 905 1979 971 scitis.
2022 905 2176 975 Praesens

388 1023 574 1089 historicum
597 1025 651 1090 aut
672 1043 727 1110 per
748 1043 781 1090 se
804 1026 932 1108 ponitur
954 1028 1009 1091 aut
1031 1027 1170 1111 pendens
1192 1045 1210 1091 a
1233 1026 1512 1104 coniunctionibus,
1535 1026 1669 1090 maxime
1691 1022 1776 1088 oum.
1820 1024 1891 1090 Non
1912 1043 1982 1092 raro
2012 1026 2044 1091 in
2067 1027 2175 1094 eodem

391 1144 538 1210 orationis
561 1147 668 1210 tenore
690 1146 790 1210 uariat
813 1165 885 1210 cnm
907 1146 1100 1230 temporibus
1122 1148 1308 1230 praeteritis,
1330 1147 1472 1231 inprimis
1494 1146 1634 1230 perlecto
1656 1145 1707 1210 vel
1729 1144 1920 1230 imperfecto.

474 1263 697 1344 imperfectum
719 1267 751 1330 in
772 1266 1002 1331 narrationibus
1026 1266 1173 1332 describit
1195 1286 1247 1332 eas
1270 1267 1416 1344 actiones,
1440 1286 1518 1352 quae
1542 1269 1617 1332 sunt
1638 1265 1767 1330 minoris
1782 1267 1935 1332 momenti
1959 1285 2099 1349 quaeque
2120 1286 2175 1352 per

389 1386 513 1466 longios
535 1386 683 1470 temporis
706 1387 844 1470 spatium
866 1386 1094 1463 extenduntur;
1126 1389 1158 1452 in
1188 1388 1368 1452 universum
1399 1388 1511 1452 dicitur
1541 1387 1580 1451 de
1610 1387 1743 1451 durante
1772 1387 1894 1452 actione
1925 1387 2023 1467 deque
2053 1387 2176 1470 saepius

389 1507 533 1589 repetita.
578 1505 610 1571 Si
632 1507 711 1572 duae
735 1507 873 1572 actiones
895 1507 978 1591 inter
1001 1527 1033 1573 se
1056 1507 1257 1572 cohaerentes
1285 1506 1513 1585 describuntur,
1527 1506 1744 1590 imperfectum
1758 1508 1929 1590 usurpatur
1950 1506 1988 1572 de
2004 1525 2041 1571 ea
2056 1507 2177 1572 actione

390 1645 470 1710 quae
493 1627 525 1690 in
547 1626 630 1691 idem
652 1646 724 1692 cum
748 1627 846 1691 altera
868 1628 990 1692 actione
1020 1632 1145 1712 tempus
1175 1627 1268 1693 cadit.
1313 1628 1436 1692 Dicitur
1467 1628 1562 1692 etiam
1585 1626 1623 1691 de
1657 1630 1773 1692 conatu
1805 1625 1904 1709 deque
1935 1627 1974 1692 iis
2004 1627 2178 1692 actionibus

390 1765 470 1829 quae
491 1765 587 1831 prope
610 1747 725 1812 absunt
747 1747 786 1811 ab
810 1765 855 1825 eo,
877 1750 914 1813 nt
930 1748 1017 1825 fiant,
1035 1747 1111 1812 item
1127 1748 1165 1813 de
1180 1749 1302 1814 actione
1317 1747 1434 1812 iniecta
1448 1747 1582 1813 necdum
1601 1747 1640 1812 ad
1655 1747 1750 1811 finem
1772 1747 1930 1830 perducta.
1975 1747 2022 1811 De
2044 1747 2177 1811 durante

391 1867 511 1932 actione
534 1870 703 1951 usurpatur
726 1869 821 1933 eliam
843 1869 915 1951 post
938 1869 1087 1952 temporis
1109 1869 1288 1952 particulas,
1304 1868 1391 1933 velut
1406 1868 1585 1947 postquam,
1608 1868 1653 1942 ut,
1676 1884 1754 1928 cum.
1790 1867 1828 1931 In
1851 1867 2047 1932 coniunctim
2064 1867 2178 1951 imper-

389 1985 508 2052 fectum
530 2007 549 2052 a
571 1988 726 2072 particula
747 1987 951 2054 condicionali
965 1986 1105 2071 pendens
1128 2007 1220 2073 saepe
1243 1988 1281 2053 de
1294 2008 1327 2053 re
1342 1988 1510 2073 praeterita
1525 1975 1647 2065 dicitur,
1670 1990 1708 2052 ut
1724 1986 1916 2068 significetur
1930 1987 2178 2052 enuntiationem

390 2108 579 2192 sumptiram
601 2109 633 2173 in
656 2107 739 2174 idem
761 2109 885 2193 tempus
909 2108 1020 2173 cadere
1042 2111 1135 2192 atque
1156 2109 1315 2193 apoduein.
1359 2108 1398 2173 In
1421 2107 1559 2173 oratione
1581 2107 1706 2190 obliqua
1728 2107 1766 2172 de
1788 2126 1822 2173 re
1844 2107 2012 2192 praeterita
2041 2107 2116 2173 licet
2145 2108 2177 2170 in

390 2229 658 2294 enuntiationibus
681 2229 871 2294 secundariis
895 2230 1082 2294 coniunctiri
1103 2229 1276 2313 praesentis
1299 2229 1393 2312 positi
1416 2227 1487 2306 sint,
1510 2227 1742 2293 enuntiationes
1766 2227 1980 2292 adhortatione
1996 2246 2019 2292 s.
2046 2225 2179 2311 impera-

391 2349 487 2414 toriae
509 2348 572 2414 iere
596 2368 717 2433 semper
739 2349 856 2413 habent
877 2347 1105 2432 imperfectum.
1150 2347 1316 2414 Praeterea
1337 2347 1458 2432 imperi.
1483 2348 1561 2413 coni.
1585 2347 1812 2430 significatione
1829 2347 1994 2432 potentiali
2009 2350 2178 2432 usurpatur

391 2468 429 2534 de
451 2487 485 2533 re
507 2469 685 2554 praeterita,
710 2469 912 2535 condicionali
936 2468 973 2534 de
995 2487 1029 2533 re
1052 2469 1217 2552 praesenti.

476 2585 615 2668 Perfecti
637 2589 853 2655 coniunctivae
877 2589 1044 2655 concordat
1066 2588 1157 2672 plane
1178 2589 1211 2653 in
1234 2588 1460 2670 significatione
1477 2607 1549 2654 cum
1563 2587 1741 2665 indicativo,
1763 2589 1933 2670 usurpatur
1954 2589 2061 2652 tamen
2083 2587 2178 2652 etiam

391 2710 423 2775 in
446 2710 671 2792 significatione
692 2709 856 2793 potentiali
878 2713 911 2774 et
932 2709 1141 2793 imperatoria.
1185 2705 1374 2787 infinitivus
1395 2707 1525 2790 perfecti
1539 2711 1759 2793 praeterquam
1775 2707 1856 2791 quod
1879 2707 1935 2772 inl.
1958 2711 2012 2788 est,
2029 2709 2178 2792 temporis

392 2847 463 2895 rere
485 2829 655 2914 praeteriti,
676 2849 900 2913 nonnunquam
923 2829 1019 2894 etiam
1042 2829 1246 2895 condicionali
1269 2829 1504 2911 significatione,
1534 2848 1596 2894 non
1618 2848 1688 2893 raro
1720 2829 1815 2892 etiam
1836 2847 1892 2912 per
1913 2829 2100 2893 antecedens
2121 2847 2177 2912 pro

391 2949 445 3014 ini.
467 2950 641 3034 praesentis
662 2953 841 3033 usurpatur.

478 3071 523 3135 Ut
545 3071 728 3136 omittamus
762 3069 1113 3154 plusquamperfectum,
1145 3070 1287 3134 futurum
1321 3073 1353 3134 et
1383 3069 1635 3150 coniugationem
1664 3068 1931 3152 periphrasticam‚
1962 3070 2179 3133 convertamus

391 3209 449 3256 nos
472 3190 511 3255 ad
536 3191 787 3256 consecutionem
810 3191 846 3268 (s.
869 3190 1130 3268 convenientiam)
1152 3192 1338 3272 temporum.
1384 3189 1570 3274 Saepissime
1593 3188 1698 3254 Livius
1720 3192 1792 3273 post
1821 3190 1946 3272 tempus
1972 3188 2177 3271 praeteritum

392 3330 447 3393 pro
471 3312 664 3394 temporibus
686 3309 863 3394 praeteritis
886 3310 1019 3394 (imperf.
1043 3313 1075 3377 et
1096 3311 1197 3394 plusq.
1213 3310 1413 3389 coniunctivi)
1436 3314 1577 3396 tempora
1598 3310 1774 3394 praesentia
1797 3307 1908 3391 (praes.
1925 3310 1958 3373 et
1972 3307 2060 3392 peri.)
2081 3307 2177 3390 ponit,

393 3433 430 3496 ut
450 3449 500 3496 res
523 3434 673 3514 tanquam
695 3434 875 3515 praesentes
897 3431 1000 3496 animo
1023 3432 1089 3497 eius
1105 3431 1159 3514 qui
1173 3431 1261 3496 audit
1278 3431 1328 3495 vel
1343 3432 1420 3513 legit
1434 3434 1606 3515 proponat;
1629 3428 1801 3494 sententiae
1817 3428 2030 3493 adhortatirae
2052 3428 2177 3490 uncum

392 3551 427 3616 in
457 3553 596 3617 oratione
628 3551 753 3633 obliqua
783 3550 846 3616 lere
880 3569 1001 3635 semper
1030 3551 1248 3636 imperfectum
1277 3551 1464 3617 coniunctiri
1492 3551 1638 3616 retinent.
1690 3547 1928 3614 Euantiationes
1952 3546 2177 3624 consecutivae,

394 3691 474 3755 quae
504 3675 552 3737 est
584 3691 690 3738 earum
723 3675 846 3750 natura,
876 3671 1066 3736 liberrimam
1095 3672 1214 3736 habent
1246 3673 1498 3736 consecutionem
1532 3674 1724 3755 temporum
1759 3671 1785 3733 si
1818 3668 1955 3752 perlecto
1990 3668 2180 3733 coniunctivi

395 3793 568 3858 enuntiatio
600 3793 797 3858 consecutiva
827 3794 876 3858 est
905 3810 1056 3875 expressa,
1087 3790 1150 3856 tere
1182 3791 1347 3876 primariae
1377 3792 1599 3857 enuntiationis
1628 3791 1692 3856 rim
1721 3790 1922 3855 nanciscitur.
1970 3788 2117 3854 Plurimis
2147 3788 2179 3852 in

393 3914 470 3980 locis
496 3913 602 3978 Livius
632 3913 762 3978 mixtam
793 3913 890 3978 habet
920 3912 1171 3978 consecutionem
1205 3915 1392 3996 temporum,
1426 3915 1463 3977 ut
1489 3912 1522 3977 in
1552 3931 1614 3977 una
1644 3910 1815 3995 eademqne
1842 3909 1967 3994 periodo
1999 3909 2177 3992 saepissime

395 4037 538 4118 tempora
568 4032 744 4118 praesentia
773 4053 845 4098 cum
876 4033 1052 4117 praeteritis
1083 4033 1213 4098 varient.
1264 4033 1408 4116 Plerique
1436 4033 1632 4116 grammatici
1666 4033 1698 4096 in
1731 4030 1934 4098 describenda
1963 4027 2177 4095 consecutione

394 4157 572 4237 temporum
594 4155 626 4219 in
649 4171 684 4220 eo
706 4156 846 4239 peccant,
870 4152 952 4235 quod
979 4173 1041 4219 non
1063 4152 1261 4234 distinguunt
1288 4153 1370 4218 inter
1391 4154 1477 4218 varia
1498 4171 1612 4236 genera
1643 4151 1894 4217 enuntiationum
1916 4146 2176 4214 secundariorum.

396 4272 477 4338 Sunt
497 4275 605 4338 antem
627 4273 794 4357 separatim
816 4273 1015 4339 tractandae:
1816 4263 1819 4269 “

389 4457 393 4463 ,
480 4389 512 4478 a)
535 4394 793 4475 interrogationes
815 4393 958 4476 obliquae
980 4411 1149 4476 cammque
1170 4391 1302 4458 formam
1323 4393 1477 4460 habentes
1500 4393 1729 4458 enuntiationes
1752 4388 1919 4454 obiectirae
1948 4386 2119 4472 pendentes
2142 4403 2179 4448 ex

396 4514 499 4579 verbis
521 4513 675 4580 scabendi
697 4516 729 4579 et
750 4513 880 4579 dicendi

481 4630 517 4716 b)
539 4633 768 4700 enuntiationes
791 4633 968 4712 obiectirae‚
991 4653 1070 4716 quae
1092 4634 1275 4716 exprimunt
1290 4634 1358 4700 ficri
1381 4634 1506 4716 aliquid,
1530 4631 1621 4708 effici,
1644 4629 1768 4714 prodire
1796 4646 1833 4692 ex
1861 4647 1907 4705 eo,
1937 4625 2021 4710 quod
2050 4625 2180 4690 verbnm

396 4772 507 4836 regens
530 4753 696 4836 significat,
720 4755 819 4819 elatae
842 4773 899 4838 per
919 4754 1155 4820 coniunctiones
1176 4755 1222 4830 ct,
1243 4773 1292 4830 ae,
1315 4751 1403 4834 quin.

482 4871 512 4954 c)
535 4874 764 4940 enuntiationes
785 4874 904 4938 finales.

483 4993 516 5073 d)
538 5011 585 5058 en.
608 4995 831 5060 consecutivae.

483 5112 514 5196 e)
538 5132 586 5180 en.
609 5115 748 5180 murales
770 5117 803 5180 et
825 5115 1028 5180 concessivae.
