4740 5832
1035 445 1188 542 „n—

215 685 312 748 spem,
327 669 460 748 praeter
480 665 613 744 endum,
629 669 762 747 praeter
783 663 970 747 opinionem.
1015 667 1044 749 ol
1067 668 1279 752 exeeptiouem
1301 667 1467 749 signifieat.
1511 666 1544 748 d)
1560 665 1674 731 dieitur
1694 666 1733 732 de
1754 667 1858 744 rebus,
1876 666 1916 734 sd
1931 685 2008 750 ques

217 789 296 856 aliae
319 788 480 854 aooednnt.

302 907 473 987 Propter
494 906 526 990 a)
548 907 586 974 de
608 907 676 972 loeo
698 907 822 972 dieitur.
866 906 900 989 b)
922 907 960 974 da
982 925 1085 972 eausa.

302 1026 589 1108 secunduma)
612 1028 650 1093 de
672 1029 740 1092 loeo
764 1026 886 1092 dieitur.
931 1026 963 1107 b)
986 1027 1024 1092 de
1047 1029 1196 1111 tempore,
1217 1030 1253 1092 ut
1274 1027 1358 1093 idem
1380 1027 1422 1093 sit
1444 1025 1527 1110 qnod
1555 1024 1665 1088 statim
1685 1027 1769 1106 post.
1812 1024 1843 1108 o)
1873 1025 2008 1092 refertur

215 1149 256 1215 ad
279 1147 493 1230 dignationem
516 1151 548 1214 et
569 1148 602 1213 id
623 1148 777 1232 exprimit,
800 1147 883 1229 quod
905 1147 938 1212 in
960 1149 1039 1215 serie
1062 1147 1198 1231 quedam
1220 1165 1325 1212 rerum
1347 1147 1455 1214 ordine
1476 1147 1653 1231 proximum
1685 1149 1742 1212 eet.
1786 1144 1820 1228 d)
1841 1146 2009 1230 respondet

214 1287 328 1350 greeoo
352 1263 437 1331 sord
462 1287 534 1334 oum
556 1285 658 1333 annus.
681 1269 858 1334 ooniuneto.

301 1387 442 1468 supro
464 1385 498 1472 s)
521 1387 558 1454 de
581 1387 650 1454 looo
673 1387 791 1454 dieitur
814 1391 847 1452 et
869 1387 908 1452 de
929 1387 977 1465 iis,
1000 1405 1080 1470 qnae
1101 1407 1158 1473 per
1178 1388 1396 1472 metaphoram
1426 1405 1482 1469 pro
1511 1386 1579 1452 loeo
1610 1386 1814 1471 arripiuntur,
1843 1388 1882 1452 ut
1908 1403 2010 1466 supro
2135 1398 2137 1406 ’

215 1505 348 1585 neodem
370 1525 472 1588 supro
493 1525 587 1588 spem,
609 1525 711 1588 snpra
732 1505 824 1570 vires.
868 1505 901 1588 b)
925 1507 963 1572 de
985 1511 1135 1594 tempore.
1180 1503 1211 1592 o)
1234 1508 1273 1572 de
1293 1525 1433 1572 numero.

300 1629 357 1693 Im
379 1649 452 1694 oum
474 1629 608 1694 ablativo
631 1625 663 1712 e)
687 1626 887 1710 ooniungitnr
908 1646 981 1696 oum
1001 1628 1182 1694 nominibus
1202 1628 1343 1694 looornm
1366 1629 1422 1692 aut
1449 1645 1557 1692 eurum
1584 1643 1699 1704 rerum,
1728 1645 1807 1710 quse
1835 1645 1890 1711 per
1909 1628 2008 1692 meta·

217 1755 345 1840 phoram
368 1768 425 1834 pro
446 1749 514 1815 loeo
537 1749 741 1832 aoeipinntur.
784 1747 818 1830 b)
842 1747 1016 1832 Sepemtim
1047 1748 1355 1814 oommemerendum
1386 1748 1435 1811 est
1455 1743 1492 1808 ior
1514 1745 1715 1813 ooniunotum
1736 1765 1809 1810 oum
1829 1746 2008 1812 nominibus

219 1877 368 1940 terrarum
392 1865 439 1952 (et
459 1865 609 1952 urbium).
654 1865 685 1951 o)
707 1870 880 1952 usurpetur
899 1866 937 1930 in
959 1869 997 1934 de
1019 1868 1225 1934 multitudine
1247 1871 1281 1933 et
1303 1867 1341 1932 de
1364 1867 1453 1951 eopia
1475 1868 1507 1932 et
1537 1865 1574 1931 de
1596 1885 1725 1932 numero
1752 1867 1880 1950 eiusque
1902 1867 2008 1950 elique

216 1995 313 2078 parte.
356 1988 390 2072 d)
412 1988 543 2056 irsoum
565 1989 726 2054 edieotiris
748 1989 900 2067 innotum,
930 1989 1014 2072 quod
1044 1990 1228 2074 plerumque
1249 1987 1393 2054 edieotiri
1427 1989 1484 2052 eut
1511 1986 1648 2052 adverbii
1670 1988 1806 2054 sustinet
1834 1986 2005 2052 notionem

215 2112 267 2180 Sin
288 2110 325 2174 io
346 2109 482 2186 obserere,
504 2108 541 2172 io
558 2105 670 2184 'medie
700 2107 738 2172 io
758 2111 877 2188 operto,
907 2107 944 2172 ior
965 2107 1067 2186 dubio,
1097 2107 1134 2172 io
1154 2105 1281 2188 primm
1307 2107 1365 2186 ΙΠ,
1396 2107 1425 2185 8,
1454 2109 1474 2172 9
1504 2123 1575 2168 oum
1603 2105 1709 2170 eutius
1740 2103 1832 2169 laud
1853 2103 1890 2168 in
1915 2102 2008 2186 soriti

213 2233 336 2307 eeserst‚·
357 2230 394 2294 io
415 2226 554 2311 difficili,
575 2226 612 2290 in
633 2226 763 2310 ieteqro,
785 2227 822 2291 in
843 2227 969 2304 incerto,
999 2227 1035 2292 in
1058 2225 1282 2310 prunisque,
1310 2225 1348 2290 io
1363 2223 1502 2306 privato,
1531 2223 1568 2288 in
1590 2223 1726 2306 polico,
1756 2224 1792 2288 ire
1815 2223 2007 2306 propinquo,

212 2351 250 2416 in
265 2351 424 2433 proximo,
446 2348 483 2412 to
505 2345 629 2424 oreon,
651 2347 688 2412 ire
704 2345 815 2428 plano,
837 2347 874 2411 to
895 2351 1017 2428 secreto,
1039 2347 1076 2412 to
1096 2349 1239 2430 dumeto,
1262 2332 1299 2410 io
1320 2343 1407 2422 mooe,
1429 2343 1466 2408 ira
1486 2347 1575 2420 teto;
1596 2346 1739 2424 XXXVI,
1761 2347 1810 2424 16,
1832 2348 1873 2412 10
1896 2343 1932 2408 in
1953 2363 2007 2408 eco-

211 2471 317 2552 pedite
338 2468 509 2544 tobereet;
530 2467 567 2530 oe
588 2467 682 2546 obvio,
704 2467 742 2533 e‘o
762 2471 877 2549 operto,
898 2467 936 2532 in
957 2487 1065 2550 aequo.
1109 2466 1318 2534 Referendum
1342 2469 1391 2532 est
1411 2466 1475 2532 huo
1489 2466 1585 2531 etiem
1599 2464 1637 2530 te
1647 2467 1806 2546 promptu.
1843 2462 1874 2548 e)
1891 2466 2006 2532 diens·

216 2593 312 2659 iertm
331 2591 369 2654 in
392 2609 410 2657 a
431 2590 492 2656 looi
513 2589 640 2655 natione
663 2588 703 2654 ad
737 2589 962 2671 designandam
991 2589 1146 2655 sotionem
1190 2587 1328 2670 aliquem
1356 2590 1412 2652 eut
1440 2585 1663 2664 uenditionem,
1691 2586 1724 2650 in
1753 2603 1815 2669 que
1844 2585 1929 2670 quid·
1947 2587 2005 2664 eet

215 2715 271 2778 eut
291 2713 336 2779 its
358 2710 526 2794 eogitande
548 2712 597 2776 set
617 2727 677 2787 res,
700 2711 737 2772 nt
758 2708 863 2791 edique
885 2709 1025 2774 oondioio
1047 2710 1102 2773 ent
1123 2707 1205 2773 aetio
1228 2707 1318 2789 quasi
1347 2706 1514 2772 domidedun
1543 2706 1675 2772 alterum
1705 2705 1867 2772 sotionem.
1918 2703 2005 2786 Quae

212 2832 357 2897 notiones
380 2831 458 2896 elias
480 2829 647 2915 temporali
669 2831 701 2894 et
729 2829 933 2894 oondioiouali
962 2827 1117 2914 partionis
1146 2829 1202 2892 sut
1231 2825 1399 2892 verborum
1427 2826 1598 2911 participiis
1629 2825 1844 2892 enuncientur.
1889 2821 2006 2910 (Verba

214 2955 291 3016 snnt
318 2949 499 3035 Kampenui
530 2949 568 3015 de
595 2946 655 3011 IN
680 2967 785 3033 praep.
815 2966 876 3014 usn
904 2947 1050 3013 Plautino
1081 2969 1110 3032 p.
1143 2944 1205 3029 14).
1251 2944 1317 3026 Quo
1346 2947 1483 3031 pertinet
1511 2946 1608 3011 etiem
1636 2943 1673 3007 io
1701 2945 1902 3010 ooniunotum
1932 2965 2005 3011 enm

219 3071 376 3152 gerundiis
397 3073 428 3136 et
450 3067 636 3152 gerendivis
680 3067 931 3151 ileouiungitur
953 3086 1025 3133 oum
1046 3066 1226 3133 notionibus
1249 3067 1407 3150 temporis.
1451 3062 1486 3149 g)
1507 3063 1545 3128 ie
1566 3085 1592 3132 o.
1615 3065 1676 3132 abl.
1706 3066 1909 3132 ooniunotnm
1931 3085 2004 3132 oum

220 3189 354 3274 ponendi
375 3192 406 3255 et
425 3189 597 3256 oollooandi
619 3189 790 3270 similisque
814 3187 1049 3271 signifioetionis
1071 3185 1182 3252 verbis.

302 3309 356 3374 In
377 3329 449 3376 enm
470 3308 646 3376 aoeneetivo
668 3305 702 3391 e)
724 3309 924 3392 coniungitur
946 3327 1018 3374 oum
1040 3307 1217 3372 nominibus
1240 3310 1396 3372 terrerum
1418 3302 1624 3390 (sturbium)
1646 3309 1679 3372 et
1701 3325 1774 3371 oum
1788 3323 1863 3372 roos
1884 3303 2003 3370 domm.

212 3427 245 3510 b)
269 3449 340 3496 enm
361 3431 540 3496 nominibus
562 3427 758 3513 appellativis
779 3429 902 3513 proprie
926 3428 966 3493 ed
987 3427 1190 3493 indicandum
1211 3431 1336 3493 motum
1357 3427 1398 3492 ed
1419 3426 1524 3492 looum
1546 3427 1692 3510 aliquem,
1715 3426 1820 3492 sireis
1842 3429 1891 3492 est
1911 3445 2003 3494 verus

211 3550 300 3616 leone
322 3551 387 3616 sive
408 3569 459 3616 res
480 3568 536 3633 per
557 3549 775 3634 metaphoram
797 3566 854 3631 pro
875 3519 944 3614 loeo
967 3547 1155 3632 aeoipienda.
1200 3544 1231 3631 o)
1253 3548 1348 3614 verbe
1369 3547 1514 3632 ponendi.
1559 3543 1593 3632 d)
1607 3545 1644 3610 ie
1662 3544 1772 3620 orbern,
1794 3544 1832 3608 in
1852 3545 2003 3612 ordinem.

215 3668 245 3751 e)
265 3668 301 3732 io
323 3670 469 3756 exprimit
490 3670 639 3747 studium,
662 3687 722 3752 quo
748 3687 838 3734 mens
869 3668 1002 3745 ducitur,
1034 3671 1067 3733 et
1095 3667 1260 3734 eonsilium
1289 3668 1419 3734 alieuius
1447 3667 1491 3734 rei
1519 3667 1729 3750 assequendae
1758 3671 1815 3734 eut
1836 3686 1906 3734 eam
1927 3687 2003 3747 rem,

215 3791 264 3856 uui
284 3791 402 3874 aliquid
424 3790 618 3856 destinatum
641 3790 689 3855 est
717 3784 767 3871 (ie
788 3806 881 3868 spem
909 3786 946 3852 ire
967 3789 1127 3862 eventum
1154 3788 1180 3867 Ι,
1204 3789 1254 3865 34,
1276 3790 1296 3852 3
1318 3786 1355 3851 iro
1376 3785 1500 3850 nullom
1525 3789 1638 3850 sortem
1668 3785 1818 3852 bonorem
1841 3790 1939 3864 eoem
1966 3787 2004 3852 in

209 3906 361 3991 pterim
390 3909 427 3974 tn
447 3913 609 3974 deterream
629 3907 830 3984 meermtorm
858 3905 896 3970 io
924 3905 1108 3982 mercedem
1134 3906 1171 3971 te
1186 3905 1361 3988 perniciem
1390 3906 1475 3990 ete).
1517 3906 1544 3989 i)
1566 3907 1712 3992 exprimit
1733 3908 1775 3986 io,
1802 3926 1863 3992 qno
1892 3909 2003 3976 tendet

211 4031 313 4096 eretio
334 4031 385 4097 rel
417 4030 566 4114 eogitstio
596 4031 646 4095 rel
676 4029 836 4107 iudicium,
869 4029 933 4095 sive
967 4047 1028 4112 quo
1058 4029 1215 4113 pertinent
1246 4024 1362 4110 (Hand.
1391 4049 1421 4113 p.
1445 4027 1530 4105 311).
1574 4027 1607 4110 g)
1629 4027 1808 4112 Usurpatur
1837 4029 1933 4095 etiem
1964 4030 2002 4096 de

212 4150 345 4230 untione,
368 4169 448 4234 quae
463 4153 519 4216 ant
540 4151 689 4216 benevolo
713 4154 769 4265 ent
789 4149 916 4216 inimioo
931 4149 1035 4214 animo
1056 4149 1102 4227 fit,
1125 4167 1198 4230 ergo
1221 4152 1254 4216 et
1275 4167 1331 4232 pro
1353 4151 1482 4236 erponet
1497 4168 1553 4234 pro
1568 4151 1687 4213 rosera.
1730 4149 1763 4230 h)
1786 4175 1829 4204 =
1849 4167 1948 4234 usque
1969 4150 2004 4214 in

211 4269 237 4348 Ι,
260 4271 313 4350 43,
335 4273 364 4336 5.
400 4269 425 4354 i)
447 4268 485 4333 ie
506 4289 572 4334 rem
592 4287 657 4333 esee
678 4271 852 4337 utilitatem
875 4273 907 4335 et
929 4269 1130 4335 oommodnm
1152 4269 1317 4352 signifieat.
1354 4268 1386 4351 k)
1408 4267 1445 4331 io
1466 4267 1599 4332 montena.
1636 4267 1661 4352 l)
1683 4267 1808 4335 Similes
1828 4269 2002 4336 loeutiones

216 4394 287 4457 sunt
307 4389 345 4454 ie
366 4389 506 4471 spectem,
527 4388 564 4454 in
585 4387 661 4454 teneo
681 4387 783 4463 verte,
806 4387 843 4452 tn
864 4387 945 4471 tepeo
966 4393 1026 4456 eto.
1069 4385 1118 4472 m)
1139 4387 1175 4452 io
1198 4390 1399 4456 oouiunetum
1429 4409 1500 4456 oum
1530 4391 1628 4456 subet
1644 4407 1736 4468 pars.
1778 4387 1812 4470 n)
1834 4387 1872 4452 io
1897 4389 2002 4454 oioerm

214 4505 245 4592 o)
265 4508 303 4574 io
324 4515 495 4596 usurpatur
516 4510 714 4578 indivisione
732 4508 919 4591 insiugulas
937 4512 1052 4595 partes.
1089 4506 1123 4593 p)
1140 4508 1406 4592 significationem
1420 4510 1517 4576 habet
1539 4509 1771 4576 distributivam
1786 4507 1838 4590 (ie
1852 4507 2001 4592 respuas,

211 4627 248 4693 tn
269 4629 378 4712 capito
403 4628 485 4714 ete).
535 4630 567 4714 q)
596 4628 830 4716 usurpatorie
863 4631 896 4696 in
924 4648 1073 4696 mensura
1104 4630 1279 4696 definienda
1308 4629 1361 4712 (io
1390 4627 1600 4694 altitudines.
1632 4629 1668 4692 io
1695 4627 1931 4712 loeoitmtinem,
1967 4629 2004 4694 ia

210 4747 416 4815 lentitudinem
431 4753 549 4832 petens
569 4751 651 4835 ete).
695 4750 722 4833 r)
745 4751 980 4817 ddieotirornm
1002 4751 1109 4835 generi
1130 4752 1236 4817 neutri
1257 4752 1428 4836 praefixum
1451 4749 1488 4813 in
1509 4751 1594 4816 haud
1616 4771 1697 4830 raro,
1725 4770 1916 4835 quemqnam
1937 4770 2002 4817 non

210 4889 344 4956 semper,
366 4871 483 4938 formet
503 4873 666 4938 notionem
686 4873 852 4950 medalem,
875 4891 954 4954 quae
976 4872 1072 4938 etiem
1094 4873 1241 4939 adverbio
1262 4872 1392 4958 exprimi
1412 4874 1524 4957 potest
1577 4869 1607 4955 s)
1629 4871 1677 4938 De
1697 4869 1735 4934 ie
1756 4891 1828 4938 oum
1850 4873 2001 4957 temporis

209 4993 392 5060 notionibus
414 4991 544 5058 diversis
565 4993 666 5059 modis
688 4993 854 5059 ooninnoto
876 4993 945 5058 vide
967 4992 1072 5058 Hand.
1095 5014 1125 5076 p.
1148 4993 1212 5058 334
1227 5011 1293 5076 sqq.
1330 4990 1358 5075 t)
1375 4992 1519 5060 Udtstse
1539 4997 1615 5059 sunt
1636 4993 1755 5059 formae
1776 4989 1813 5054 tn
1827 4994 2001 5072 poetemm,

210 5109 249 5176 in
268 5110 426 5193 tutonem,
454 5110 492 5176 ie
505 5113 706 5192 perpeterere
734 5111 771 5174 te
799 5114 971 5188 nemeen,
1000 5112 1037 5176 to
1052 5131 1217 5193 praesen.
1260 5110 1294 5196 u)
1326 5113 1503 5198 seperatim
1534 5113 1639 5180 afferri
1669 5117 1775 5198 potest
1803 5110 1841 5175 io
1869 5131 2001 5191 uenum,

1846 5230 1879 5288 2*
