4740 5832
1172 439 1326 535 „3¹-

353 679 446 726 usum
468 659 631 726 nominum
652 662 838 746 populorum
859 662 1057 728 collectivum
1079 665 1111 729 et
1132 684 1162 749 p.
1179 664 1221 728 46
1239 680 1321 741 aum,
1344 681 1405 746 quo
1422 680 1537 730 nomen
1558 661 1666 746 populi
1686 681 1742 747 pro
1766 663 1843 729 6666
1865 663 2044 748 usurpatur.
2056 684 2087 749 6.
2101 664 2142 730 47

354 781 443 848 affert
465 801 536 865 gen.
557 781 742 864 partitivum
764 781 819 864 661
841 784 985 862 potrum,
1008 781 1064 864 666·
1085 783 1288 866 captivorum.
1332 783 1505 868 Postquam
1527 761 1648 877 661666
1668 783 1708 850 ad
1737 803 1831 850 usum
1852 785 2046 851 contrarium
2067 785 2142 852 sub·

353 904 562 970 stantivorum
583 923 639 987 pro
672 903 830 969 6616661616
858 904 983 970 66666116
1005 905 1046 990 (6.
1069 907 1109 971 47
1133 905 1191 989 sq.)
1212 905 1380 972 revertitur
1405 925 1435 989 6.
1458 905 1500 970 48
1527 905 1568 972 66
1599 906 1712 970 666666
1742 905 1966 971 adiectivorum
1988 923 2044 989 pro
2068 906 2143 971 sub·

317 1012 319 1020 ’
354 1023 496 1090 stantivis
526 1024 629 1107 posita
653 1043 752 1108 usque
782 1025 874 1108 adp.
898 1027 947 1090 52.
996 1026 1115 1092 Deinde
1138 1028 1362 1092 commemorat
1388 1045 1482 1090 usum
1511 1025 1757 1109 praedicativum
1783 1028 1816 1091 et
1842 1025 2062 1091 attributivum
2090 1026 2144 1092 ad·

353 1145 530 1210 verbiorum
553 1148 585 1210 et
613 1145 881 1229 praepositionum
915 1165 986 1211 cum
1020 1147 1118 1212 subst.
1141 1149 1388 1224 coniuncturum,
1422 1167 1452 1231 6.
1482 1147 1616 1210 52-56.
1662 1145 1812 1228 Sequitur
1840 1145 1951 1212 deinde
1980 1165 2056 1212 usus
2086 1146 2142 1212 ad·

352 1263 535 1330 iectivorum
560 1285 616 1350 pro
650 1265 805 1331 adverbiis
834 1286 863 1350 6.
887 1267 928 1331 66
951 1286 1007 1349 sq,
1037 1267 1088 1332 cui
1115 1268 1258 1334 additum
1285 1263 1446 1333 66661666
1476 1265 1704 1348 significatione
1733 1257 1752 1328 ὁ
1782 1255 1894 1340 ἄλλος.
1944 1265 2026 1331 Tum
2048 1287 2077 1351 p.
2101 1268 2142 1332 58

352 1385 419 1468 agit
441 1385 479 1450 de
502 1383 707 1470 appositione,
735 1385 841 1452 addito
864 1385 995 1466 6616666
1016 1412 1060 1441 =
1082 1391 1212 1472 uterque
1235 1389 1267 1453 et
1294 1407 1354 1453 usu
1382 1387 1603 1471 pronominum
1632 1386 1948 1452 demonstrativorum
1976 1405 2034 1471 pro
2062 1387 2142 1452 6616-

352 1506 433 1570 tivis
456 1525 486 1589 p.
509 1507 550 1571 59
578 1524 638 1587 quc
659 1531 704 1560 =
724 1507 765 1572 ad
795 1507 894 1591 quod;
931 1504 1003 1570 luda
1023 1532 1068 1562 =
1089 1509 1127 1574 ab
1150 1509 1198 1574 iis.
1214 1479 1224 1496 ’
1242 1479 1399 1574 Attractio
1432 1506 1605 1592 praedicati
1633 1527 1662 1590 p.
1692 1481 1733 1571 51)
1756 1525 1810 1590 66,
1837 1527 1869 1590 6.
1898 1507 1939 1571 66
1968 1506 2142 1590 asyndeton

353 1625 585 1692 attributorum.
608 1627 648 1692 ib.
672 1627 863 1694 constructio
887 1627 927 1696 ad
948 1645 1085 1706 sensum,
1108 1631 1146 1694 66
1168 1629 1331 1694 6611666166
1353 1628 1569 1711 sumptumst
1591 1627 1670 1709 sing.
1688 1627 1775 1692 verbi
1790 1626 1957 1692 coniuncta
1973 1624 2028 1708 (—
2037 1647 2067 1712 p.
2078 1625 2141 1710 63).

351 1749 446 1832 663
477 1749 674 1814 substantiva
702 1749 846 1814 concreta
879 1748 1105 1831 significatione
1137 1749 1299 1814 collectiva
1333 1750 1491 1832 usurpata,
1524 1747 1601 1812 item
1628 1767 1657 1831 6.
1680 1748 1722 1812 64
1749 1745 1930 1821 abstracta„
1947 1747 1988 1814 ib.
2012 1748 2142 1833 pluralis

351 1869 516 1934 nominum
538 1870 734 1953 propriorum
760 1871 794 1934 66
815 1869 1047 1936 abstracturum
1069 1869 1123 1951 (-
1146 1867 1261 1954 pil).
1285 1903 1328 1914 -
1350 1889 1379 1953 6.
1402 1869 1443 1936 67
1473 1868 1641 1934 6666661666
1670 1867 1780 1933 661666
1812 1867 1852 1934 66
1875 1869 2141 1933 constructionem

352 1989 392 2053 66
415 2007 550 2067 sensum,
573 1989 607 2054 iu
627 1990 737 2074 primis
759 1989 943 2055 innumero
973 1993 1005 2054 66
1026 2009 1139 2074 genere
1162 1987 1217 2072 (-
1232 2009 1261 2074 6.
1284 1965 1347 2071 69).
1391 1988 1487 2054 Vides
1509 1992 1628 2071 quanta
1650 1988 1775 2070 farrago
1797 2008 1902 2054 rerum
1916 1987 2141 2054 diversissima·

351 2129 423 2174 rum
447 2110 507 2174 6116
530 2110 754 2193 pertinentium
775 2111 808 2174 in
829 2111 889 2175 hoc
912 2111 1012 2195 666166
1036 2111 1263 2177 contineantur.
1307 2110 1476 2176 Praeterea
1498 2109 1647 2193 expositio
1674 2127 1749 2174 usus
1771 2109 2038 2194 praepositionum
2059 2110 2142 2194 apud

345 2229 474 2296 Livium
496 2229 529 2294 in
550 2229 740 2296 Kuehnastii
760 2231 840 2296 libro
863 2231 1033 2296 admodum
1054 2232 1161 2296 tenuis
1184 2235 1232 2297 666
1255 2234 1287 2296 66
1309 2249 1429 2296 manca.
1499 2277 1502 2284 -

439 2349 537 2414 Utin
559 2350 645 2417 Livio
669 2352 851 2430 subsistam,
874 2353 1011 2418 conabor
1036 2370 1119 2416 nunc
1149 2353 1241 2438 paulo
1271 2351 1398 2416 uberius
1420 2368 1589 2433 exponere,
1625 2348 1802 2432 quomodo
1825 2368 1877 2427 66,
1910 2367 1989 2434 6666
2013 2349 2053 2415 66
2076 2351 2142 2416 eius

352 2471 499 2552 syntaru
521 2470 693 2554 pertinent,
720 2475 848 2555 666666
869 2472 1033 2556 666661666
1063 2473 1222 2556 6166666161
1255 2473 1287 2536 66
1321 2471 1458 2536 ordinari
1480 2471 1608 2554 possint.
1659 2469 1843 2536 Dnuntiatio
1865 2488 1939 2534 cum
1961 2471 2084 2537 constet
2105 2489 2143 2536 66

352 2590 493 2657 66616666
515 2593 547 2656 66
568 2592 756 2676 praedicato,
778 2593 815 2657 ut
829 2591 914 2676 66166
933 2593 970 2658 66
993 2592 1133 2658 66616666
1148 2595 1268 2674 agatur,
1283 2593 1420 2675 primurn
1436 2589 1662 2656 consideranda
1683 2593 1777 2655 erunt
1798 2589 2004 2668 substantiva,
2028 2591 2142 2676 quippe

352 2731 431 2794 quae
455 2711 653 2795 potissimum
675 2713 850 2779 subiectum
873 2711 1075 2791 constituant,
1098 2712 1210 2796 quibus
1232 2716 1395 2794 tamquam
1418 2712 1637 2796 supplementa
1659 2711 1769 2776 661666
1792 2709 1935 2776 6666666
1957 2714 2032 2776 sunt
2053 2729 2142 2795 6666-
2240 2718 2248 2736 ·

350 2833 520 2916 positiones
543 2834 575 2896 et
594 2833 786 2916 pronomina.
835 2832 875 2898 In
896 2833 994 2928 616666
1015 2837 1104 2917 parte
1127 2832 1315 2916 spectandae
1337 2834 1429 2896 crunt
1450 2832 1592 2898 notiones
1610 2831 1789 2915 praedicati,
1810 2830 1905 2895 66666
1927 2833 1959 2896 66
1981 2830 2140 2907 6616661666,

350 2951 383 3016 16
405 2952 500 3018 666616
522 2953 628 3018 autem
651 2952 838 3019 tractabitur
861 2953 1003 3019 doctrina
1025 2954 1285 3031 enuntiationum,
1308 2953 1465 3035 adquam
1495 2950 1673 3037 appendicis
1702 2951 1771 3016 1666
1803 2951 1924 3018 6666616
1945 2970 2020 3016 6666
2042 2949 2141 3034 parti·

350 3073 501 3140 cularum.
1941 3159 1942 3162 Ἴ
1983 3053 1986 3065 ’

436 3192 481 3258 116
502 3193 565 3257 iam
588 3211 607 3257 6
629 3194 832 3260 substantivis
855 3195 966 3272 ordiar,
988 3193 1021 3258 in
1043 3196 1146 3279 capite
1161 3195 1267 3278 primo
1291 3193 1458 3259 dicendum
1489 3193 1550 3257 crit
1582 3191 1620 3257 dc
1651 3192 1745 3258 variis
1768 3191 1956 3256 substantivi
1977 3193 2142 3272 generibus

353 3331 521 3396 eorumque
544 3332 612 3378 usu.
658 3314 783 3381 Primus
811 3317 946 3381 occurrit
973 3315 1064 3381 uobis
1092 3335 1179 3412 usus
1198 3315 1467 3380 substantivorum
1500 3315 1732 3380 abstracturum
1765 3329 1821 3395 pro
1852 3313 2018 3390 concretis,
2050 3315 2086 3378 ut
2115 3312 2142 3378 si

350 3450 447 3496 causa
469 3434 507 3499 66
529 3434 655 3500 homine
687 3435 801 3504 dicitur
828 3435 866 3516 (1,
891 3437 940 3514 13,
963 3437 983 3500 3
1016 3439 1048 3501 et
1070 3435 1205 3502 sedecim
1236 3437 1400 3518 praeterea
1428 3434 1531 3517 16616),
1566 3451 1627 3518 666
1659 3432 1819 3517 pertinent
1849 3432 1931 3497 inter
1962 3432 2141 3498 alisatiam

350 3551 523 3618 ludibrium
544 3552 582 3637 (1,
599 3556 648 3634 66,
664 3554 706 3639 9),
728 3557 839 3630 terror,
860 3557 1056 3630 mommatum,
1066 3555 1243 3638 properatae,
1264 3553 1376 3637 1666666
1399 3557 1437 3622 66
1459 3556 1506 3634 116,
1530 3573 1609 3637 6666
1631 3553 1728 3636 legati
1751 3553 1935 3629 retulerunt,
1956 3549 2140 3628 subsidium,

350 3672 529 3756 6666666666,
551 3677 680 3751 aetates,
702 3695 800 3751 uwrc,
821 3675 1079 3756 impedimentum,
1095 3673 1313 3755 spectaculum.
1360 3677 1508 3760 Sequitur
1530 3675 1639 3742 deinde
1663 3673 1849 3756 significatio
1872 3674 2141 3740 substantivorum

349 3795 512 3862 collective
534 3794 633 3879 (velut
654 3795 827 3875 seruitium,
849 3795 961 3860 aloitus
982 3821 1026 3852 =
1048 3798 1138 3875 61666,
1169 3795 1327 3874 nobilitas,
1350 3795 1515 3879 rmulpium
1537 3823 1579 3852 =
1601 3796 1744 3880 remiges,
1773 3793 1921 3858 iuventus
1942 3793 2025 3878 666).
2069 3797 2142 3864 Η66

348 3917 487 4000 66661666
509 3918 613 3994 etiam,
632 3919 715 4002 quod
729 3919 857 3984 nomina
871 3919 1035 4000 regionum
1057 3919 1229 3986 sturbium
1250 3937 1479 4002 nonnunquam
1500 3937 1557 4003 pro
1578 3918 1688 3983 incolis
1710 3919 1913 4000 usurpantur,
1927 3914 1987 4000 ’(66
2003 3917 2055 3996 VI,
2074 3919 2104 3996 3,
2120 3919 2138 3981 2

347 4033 497 4114 Etruria
520 4038 601 4118 XLI,
625 4040 695 4117 23,1
720 4042 753 4104 66
768 4041 862 4118 aulo
881 4037 1042 4124 Graecia),
1065 4041 1154 4105 cuius
1177 4041 1370 4106 contrarium
1386 4041 1418 4104 et
1433 4040 1531 4104 multo
1550 4038 1744 4122 frequentius
1767 4039 1823 4116 est,
1847 4038 1874 4102 si
1891 4039 2018 4103 nomina
2038 4055 2139 4121 popu-

348 4159 450 4224 lorum
472 4179 528 4244 pro
550 4159 729 4242 regionibus
752 4163 953 4245 usurpantur.
998 4160 1120 4226 Deinde
1142 4179 1234 4244 saepe
1265 4161 1463 4225 substantiva
1493 4159 1646 4243 generalis
1674 4161 1707 4224 et
1736 4159 1880 4242 specialis
1902 4157 2138 4240 significationis

347 4281 380 4346 in
403 4280 513 4346 eodem
535 4300 610 4346 6666
632 4282 736 4366 positu
757 4281 840 4348 inter
863 4301 895 4348 se
919 4283 1160 4364 coniunguntur,
1183 4283 1219 4348 ut
1241 4281 1376 4345 alterum
1399 4281 1440 4345 616
1470 4281 1615 4346 adiectivi
1644 4281 1744 4345 instar
1770 4279 1954 4344 attributiva
1980 4279 2138 4360 significe-

346 4402 431 4468 tione
454 4401 677 4486 accipiendum.
722 4401 774 4469 Sic
797 4401 911 4468 dicitur
932 4419 1011 4466 samo
1032 4399 1118 4464 silice
1141 4398 1181 4485 (Ι,
1204 4397 1298 4484 269),
1322 4397 1473 4464 liberator
1492 4397 1657 4481 -populi
1679 4397 1817 4464 Romam¹
1837 4397 1966 4462 unimus
1986 4399 2138 4482 (1,56,8),

348 4519 546 4586 laboratorem
560 4519 727 4603 poputum,
750 4521 883 4586 tironem
905 4521 1083 4598 excreatum,
1106 4521 1145 4586 ab
1168 4521 1270 4603 equite
1291 4519 1377 4585 locate
1398 4521 1466 4603 (lx,
1491 4509 1539 4601 19,
1564 4520 1625 4603 15),
1649 4517 1859 4583 iaculatorum
1874 4517 2028 4599 perlitum,
2051 4521 2139 4584 tarro

347 4639 448 4706 166166
469 4644 528 4708 666.
572 4643 735 4709 Ρ66616666
755 4645 818 4711 666
846 4644 941 4712 etiarn
971 4645 1100 4710 nomina
1128 4645 1278 4726 gentium,
1308 4643 1618 4725 ubiononnunquam
1644 4661 1700 4726 pro
1731 4641 1928 4707 substantivo
1950 4640 2138 4708 adiectivum

347 4764 486 4848 positum
508 4767 679 4847 exspectas,
703 4771 739 4834 ut
762 4763 852 4830 Galli
874 4763 1000 4844 equites,
1024 4761 1149 4826 Poeaus
1171 4761 1351 4842 imperator,
1374 4760 1462 4841 equis
1484 4759 1644 4824 Numidis.
1688 4760 1809 4826 Deinde
1827 4761 2059 4827 substantivum
2082 4762 2137 4826 ab·

347 4885 501 4949 structum
532 4903 605 4950 cunr
635 4882 777 4950 concreto
808 4881 840 4942 in
873 4886 1015 4964 genetivo
1047 4885 1148 4969 posito
1180 4885 1214 4948 in
1245 4901 1342 4948 unam
1371 4883 1531 4948 notionem
1562 4881 1770 4964 coniungitur,
1800 4884 1838 4946 ut
1867 4882 1960 4944 touta
1987 4878 2137 4961 [66666666

347 4999 497 5084 supplicii
517 5028 562 5058 =
582 5007 650 5070 tarn
671 5004 761 5070 foedo
785 5005 935 5088 supplicio
959 5005 998 5089 (1,
1016 5003 1146 5088 2611),
1169 5003 1279 5066 tautae
1300 5000 1431 5064 caritati
1451 4999 1615 5065 Hieronis.
1660 5002 1815 5086 Deinceps
1838 5001 1995 5085 agendum
2017 5001 2076 5066 erit
2097 4999 2136 5064 de

348 5125 550 5214 appositione,
573 5143 652 5210 quae
675 5126 730 5192 aut
751 5125 914 5191 nominum
936 5143 1004 5191 esse
1025 5126 1130 5212 potest
1153 5125 1207 5189 aut
1229 5123 1366 5188 66166666
1387 5123 1637 5192 euuntationum.
1682 5123 1764 5209 App.
1786 5122 1949 5188 nominum
1980 5123 2036 5188 aut
2064 5119 2136 5186 talis
