4740 5832
1126 452 1147 523 3

1065 543 1219 556 ——udssnv

243 681 302 758 est,
324 679 356 746 in
379 699 442 764 qua
464 683 595 764 unaque
615 681 704 748 notio
727 681 861 747 eundem
884 681 1040 748 ambitum
1062 681 1186 759 babeat,
1208 683 1265 746 aut
1286 679 1442 764 partitiva.
1487 679 1640 745 Partitiva
1668 675 1818 764 (primum
1838 679 1899 746 boo
1919 699 2035 746 nomeu

242 801 366 866 invenio
394 799 478 886 apud
510 798 653 866 Schneid.
681 801 721 866 ad
750 799 839 867 ans.
862 802 892 866 b.
914 799 994 868 Gall
1026 821 1056 885 p.
1077 801 1149 880 117,
1172 802 1226 884 qui
1256 801 1350 885 paulo
1381 800 1497 866 rectius
1525 799 1713 884 partientem
1742 819 1812 865 eam
1840 799 1944 882 vocat)
1967 819 2035 866 esse

243 922 427 1005 potestant
449 919 654 999 distributiva,
677 939 739 1003 qua
761 923 865 986 totum
886 939 942 1004 per
963 921 1192 1006 appositionem
1213 921 1246 986 in
1268 923 1374 1004 partes
1397 937 1471 986 suas
1494 919 1652 998 dividitur,
1676 922 1732 986 aut
1747 919 1925 986 adiunctiva
1944 917 2034 1002 (bene

120 1113 129 1134 ι
243 1040 303 1106 boc
324 1059 424 1122 genus
445 1041 575 1125 primus,
598 1040 658 1106 nisi
681 1040 780 1119 fallor,
803 1041 946 1107 distinxit
967 1042 1147 1126 Kruegerus
1174 1042 1208 1106 in
1224 1025 1445 1124 'grammatica
1474 1039 1608 1122 graeca),
1627 1059 1703 1124 ·qua
1733 1041 1793 1106 toti
1814 1045 1941 1106 tanturn
1963 1057 2036 1124 pars

244 1179 281 1226 ex
302 1160 432 1226 adverso
455 1161 581 1246 ponitur
603 1161 649 1226 ita
670 1163 708 1226 ut
730 1163 833 1226 totum
855 1160 1003 1228 adiuncta
1018 1163 1107 1246 parte
1123 1162 1212 1246 quasi
1230 1162 1405 1245 corrigatur
1427 1163 1459 1226 et
1473 1160 1689 1260 restringatur.
1734 1161 1782 1225 Ad
1799 1161 2035 1226 concoctionem

243 1282 328 1364 quod
350 1282 475 1359 attinet,
497 1299 724 1364 nonnunquam
747 1282 900 1367 appositio
924 1287 996 1348 aute
1028 1301 1097 1348 eam
1118 1283 1278 1348 notionem
1307 1281 1444 1366 ponitur,
1475 1299 1555 1364 quae
1589 1281 1765 1346 definienda
1794 1284 1849 1347 est.
1893 1281 2035 1364 Denique

245 1401 552 1466 commemorandum
584 1406 646 1480 est,
676 1420 900 1486 nonnunquam
931 1383 1167 1506 appositionem·
1192 1402 1329 1486 proxime
1364 1401 1480 1467 distare
1512 1419 1532 1465 a
1561 1401 1787 1483 significatione
1817 1401 2035 1486 praedicativa.

248 1519 431 1608 Exemplum
453 1541 522 1606 app.
546 1523 764 1588 distributivae
787 1525 835 1588 est
855 1522 896 1602 11,
919 1524 989 1601 28,l
1008 1520 1098 1603 plebs
1120 1557 1161 1568 -
1178 1539 1262 1602 pars
1284 1559 1325 1570 —
1341 1539 1433 1602 pars,
1461 1521 1656 1588 adiunctivae
1678 1521 1762 1599 XXI,
1784 1521 1857 1600 243
1881 1517 1972 1584 caat
1993 1555 2035 1567 —

246 1637 367 1720 attpaot
383 1639 508 1722 papati,
531 1643 609 1707 item
631 1641 729 1720 XXX,
752 1643 802 1720 3,9
824 1639 986 1706 Numidae
1008 1679 1047 1690 --
1065 1661 1148 1722 pars
1169 1641 1320 1718 mommo,
1343 1661 1370 1706 v.
1386 1641 1435 1706 W.
1459 1646 1526 1720 eta,
1549 1643 1689 1726 exempla
1711 1642 1913 1727 appositionis
1935 1641 2035 1708 totius
2057 1625 2061 1636 ’

246 1762 469 1828 enuntiationis
502 1763 654 1842 lv,17,t
683 1782 749 1826 rem
778 1759 1008 1837 incredibilem·
1041 1765 1114 1842 34,6
1136 1781 1202 1826 rem
1231 1781 1329 1843 cepae
1354 1759 1518 1842 difficilem
1548 1763 1643 1843 atquc
1668 1759 1879 1824 increatam
1912 1764 1970 1828 eto.
1993 1795 2035 1808 —-

244 1879 374 1948 Praeter
395 1884 647 1949 coniunctionem
670 1903 743 1950 oum
764 1885 906 1966 genetivo
937 1885 1032 1950 otiam
1059 1884 1128 1950 aliis
1150 1883 1252 1950 modis
1274 1901 1371 1948 unum
1402 1884 1634 1948 substantivum
1662 1901 1734 1948 cum
1763 1884 1862 1948 altero
1885 1883 1917 1948 in
1938 1899 2036 1948 unam

243 2001 404 2070 nationem
427 2005 581 2083 coalescit,
603 2007 640 2070 ut
661 2003 703 2082 Π,
726 2006 800 2082 23,4
822 2002 981 2068 cicatrices
1000 2001 1131 2066 adverso
1147 2005 1291 2084 pectora·
1319 2003 1419 2081 XXII,
1441 2003 1535 2081 olna
1562 2001 1695 2066 Romam
1723 2001 1908 2086 udaeam
1935 2003 2034 2082 XXV,

243 2126 318 2204 diti
339 2122 461 2187 reditas
481 2122 626 2200 domam
647 2124 776 2202 XXXII,
799 2126 870 2204 32,9
886 2141 989 2204 prope
1010 2122 1165 2188 Nc'aacam
1185 2121 1283 2198 litua·
1308 2124 1349 2188 ib.
1372 2125 1443 2202 39,4
1465 2121 1606 2186 bibernis
1629 2119 1783 2202 Corcyrae
1804 2125 1836 2189 et
1858 2143 1937 2208 quae
1960 2127 2035 2189 sunt

244 2244 311 2312 eius
333 2229 453 2328 generis
476 2246 618 2330 exempla
639 2245 762 2311 similia.
789 2279 826 2290 -
850 2243 1025 2330 separaum
1046 2247 1122 2310 sunt
1144 2243 1308 2309 tractanda
1335 2244 1531 2310 substantiva
1553 2244 1698 2321 verbalia,
1721 2244 1856 2326 primum
1880 2263 1925 2324 ea,
1955 2263 2035 2328 quae
2068 2331 2070 2336 Ι

243 2365 378 2450 primaru
403 2365 645 2432 declinationem
675 2365 838 2448 sequentia
869 2365 902 2430 in
927 2381 954 2428 a
977 2365 1126 2430 &sinunt
1153 2363 1280 2446 (pasta
1305 2359 1420 2438 accola
1453 2361 1542 2426 mate
1567 2361 1700 2438 aduena,
1728 2361 1818 2442 plebs
1840 2362 2034 2446 transfuga),

243 2483 354 2550 deinde
377 2485 409 2550 in
431 2487 481 2548 tor
503 2485 687 2562 desinentia,
709 2504 788 2570 quae
811 2505 830 2550 a
852 2485 937 2550 Livio
960 2502 1052 2568 saepe
1075 2503 1147 2550 cum
1169 2503 1238 2566 gen.
1262 2485 1422 2561 obiectivo,
1445 2502 1537 2567 saepe
1560 2484 1654 2548 etiam
1682 2484 1906 2550 adiectivorum
1937 2486 2036 2550 instar

243 2623 316 2670 oum
337 2604 420 2670 alliis
444 2606 658 2685 substantivis,
682 2606 759 2672 adeo
781 2607 962 2682 abstractis,
985 2606 1233 2688 coniunguntur:
1261 2624 1333 2670 cum
1363 2605 1455 2670 verbo
1485 2620 1550 2666 esse
1579 2605 1747 2670 coniuncta
1774 2605 2035 2672 circumscribunt

241 2725 400 2790 notionem
424 2725 517 2802 verbi,
540 2723 752 2812 citabantur
774 2723 925 2806 papatus,
951 2725 1080 2789 animas
1102 2761 1142 2770 -
1164 2721 1351 2788 adhortator
1372 2724 1438 2806 (IX,
1463 2724 1556 2805 133),
1584 2721 1717 2786 domitor
1742 2724 1918 2800 exercitata·
1946 2744 2035 2788 acmo

242 2846 307 2906 tam
328 2844 437 2924 samoe
457 2846 646 2924 contemptor
667 2848 721 2908 est.
767 2845 971 2912 Substantias
1000 2846 1136 2912 verbalia
1164 2846 1197 2910 in
1225 2845 1267 2910 to
1289 2846 1434 2911 exeuntia
1460 2848 1568 2910 utrum
1597 2845 1699 2910 activa
1729 2865 1767 2910 au
1798 2848 1921 2929 passiva
1943 2847 2036 2928 signi·

242 2963 389 3031 ficatione
412 2969 563 3050 usurpata
585 2967 766 3051 accipienda
788 2967 861 3046 sint,
884 2971 1018 3032 nonest
1048 2967 1081 3031 in
1117 2965 1192 3050 ipsis
1227 2967 1375 3050 positum,
1408 2965 1463 3031 sed
1496 2964 1613 3048 pendet
1641 2983 1678 3030 ex
1704 2985 1740 3030 eo
1764 2966 1971 3044 substantivo,
1994 2966 2034 3031 ad

246 3083 329 3166 quod
351 3087 430 3151 actio
454 3105 560 3152 eorum
582 3087 743 3153 referenda
766 3091 821 3152 est.
871 3087 1012 3171 Denique
1044 3085 1142 3152 subst.
1173 3087 1256 3151 verb.
1285 3086 1317 3149 in
1340 3101 1391 3150 us
1421 3085 1602 3162 desinentia,
1637 3105 1716 3169 quae
1744 3087 1934 3152 concordant
1962 3105 2034 3151 oum

244 3202 354 3286 supino
376 3207 469 3284 verbi,
493 3225 565 3274 oum
586 3209 678 3273 verbo
701 3208 897 3273 substantivo
919 3225 984 3270 asse
1006 3205 1172 3272 coniuncta
1194 3206 1378 3272 facultatem
1400 3207 1586 3291 exprimunt,
1609 3207 1645 3271 ut
1666 3205 1850 3284 1,56,3ott
1870 3223 1949 3270 taus
1969 3223 2035 3270 noa

242 3325 342 3398 essat;
363 3325 403 3404 Π,
425 3329 496 3405 65,2
518 3329 661 3408 receptas
682 3325 765 3408 fait·
786 3327 824 3406 X,
847 3328 941 3404 34,10
962 3325 1047 3390 ande
1070 3363 1110 3373 -
1132 3326 1371 3406 circonspectus
1392 3329 1470 3390 esset
1492 3330 1550 3394 etc.
1782 3315 1785 3322 ’

327 3446 365 3510 In
388 3447 491 3532 capito
512 3448 649 3514 secundo
672 3449 855 3514 tractandus
878 3449 936 3543 erit
957 3467 1107 3514 numerus
1134 3449 1413 3516 substantivorum.
1457 3448 1600 3512 Primum
1626 3446 1793 3529 singularis
1820 3466 1911 3532 saepe
1941 3449 2036 3514 babet

243 3563 503 3647 significationem
525 3567 721 3635 collectivam
743 3567 858 3649 (aesna,
875 3567 981 3648 peotes,
1011 3586 1111 3648 epaes,
1141 3566 1240 3644 mites,
1270 3565 1376 3644 tosta,
1407 3587 1521 3642 remea,
1556 3563 1646 3645 lotor,
1676 3564 1780 3642 idam,
1810 3565 1905 3642 abies,
1938 3566 2034 3644 aries

244 3683 659 3769 medicamentanon
689 3687 769 3770 etat
821 3689 926 3754 Etiam
955 3690 1082 3755 nomina
1109 3691 1251 3772 gentium
1281 3689 1461 3773 saepissime
1489 3707 1508 3752 a
1539 3687 1624 3752 Livio
1653 3688 1687 3752 in
1720 3689 1871 3769 singulari
1903 3705 2033 3754 numero
2161 3675 2165 3686 ’

243 3804 468 3888 significatione
491 3809 653 3875 collectiva
673 3812 876 3891 usurpantur,
900 3827 971 3874 oum
993 3828 1055 3893 quo
1078 3829 1139 3875 usu
1165 3830 1228 3875 non
1252 3808 1488 3874 confundendus
1511 3811 1560 3873 est
1589 3809 1624 3886 is,
1656 3826 1717 3890 quo
1746 3809 1890 3894 princeps
1913 3810 1982 3876 sive·
1998 3811 2034 3888 is,

242 3925 296 4008 qui
317 3931 443 4011 praeest
469 3930 594 4014 populo,
626 3930 816 4011 designatur.
867 3930 916 3995 Ad
948 3931 1143 3998 collectivam
1171 3929 1432 4012 significationem
1466 3929 1632 4010 singularis
1666 3929 1803 4011 proxime
1837 3947 1874 3994 es
1906 3931 2035 4009 accedit,

242 4065 337 4130 quam
360 4047 552 4114 abstractam
575 4051 675 4134 possis
698 4047 808 4129 dicere,
833 4068 895 4134 qua
915 4051 961 4114 nil
982 4051 1043 4116 nisi
1065 4051 1133 4134 ipsa
1155 4052 1242 4115 notio
1263 4049 1453 4115 substantivi
1482 4051 1652 4132 spectatur,
1682 4049 1765 4131 quod
1793 4050 1977 4134 plerumque
1998 4051 2035 4116 fit

240 4167 364 4232 ratione
394 4169 502 4235 tabita
529 4171 746 4254 complurium,
781 4172 819 4236 de
849 4171 963 4254 quibus
996 4171 1228 4236 substantivum
1256 4170 1335 4235 illud
1365 4170 1487 4235 dicitur.
1514 4203 1551 4212 —
1574 4167 1613 4232 In
1642 4169 1801 4236 nonnullis
1829 4172 2034 4238 substantivis

242 4305 319 4384 usus
340 4287 489 4356 Livianus
512 4294 656 4358 accurate
678 4289 844 4374 distinguit
865 4291 948 4357 iuter
969 4291 1071 4374 signif.
1088 4291 1254 4374 singularis
1269 4293 1301 4355 et
1315 4291 1444 4374 pluralis
1461 4287 1558 4370 (ordo,
1576 4286 1775 4368 sappttcatto,
1790 4289 1898 4366 rainu,
1919 4291 2034 4367 comta,

244 4405 447 4486 smnseatam,
477 4411 585 4493 pratea
617 4411 699 4494 eta),
731 4413 862 4478 aliorum
890 4415 998 4478 eontra
1021 4413 1099 4493 sing.
1128 4414 1160 4476 et
1188 4413 1318 4494 pluralis
1351 4431 1369 4476 a
1397 4411 1482 4475 Livio
1514 4429 1606 4494 saepe
1638 4411 1813 4494 promiscue
1842 4416 2035 4496 usurpantur

245 4524 399 4608 (samana,
423 4527 617 4613 Pyrenaeae,
639 4530 725 4612 finis,
749 4535 942 4608 commeatus,
965 4549 1095 4594 manum
1117 4535 1150 4596 et
1171 4549 1287 4594 manas
1308 4549 1476 4608 maaserere,
1498 4531 1649 4612 conferre,
1664 4529 1847 4608 absidiam,
1865 4529 2034 4610 auxilium,

245 4665 300 4728 opt
320 4649 405 4732 eta).
442 4652 562 4718 Deinde
582 4654 614 4720 iu
637 4655 788 4735 singulari
803 4652 1091 4720 commemorandae
1111 4657 1205 4718 eruut
1227 4653 1470 4731 coniunctiones,
1493 4654 1601 4737 quales
1624 4656 1700 4719 sunt
1714 4650 1832 4734 taumate
1846 4651 1983 4716 emunda
1997 4673 2036 4718 ac

246 4767 352 4846 tertia,
363 4770 507 4852 monam
520 4791 559 4836 ce
573 4771 701 4836 tertiam
718 4771 875 4856 tepsbaem.
913 4773 1047 4840 Pluralis
1066 4774 1181 4840 dicitnr
1196 4777 1252 4838 aut
1266 4774 1304 4838 de
1320 4775 1531 4858 compluribus
1551 4776 1645 4840 rebus
1661 4777 1716 4839 aut
1734 4773 1773 4838 de
1788 4773 1919 4856 siugulis
1935 4777 2034 4859 parti-

244 4890 305 4958 bus
328 4891 467 4960 eiusdem
489 4895 533 4960 rei
556 4895 612 4958 aut
634 4898 720 4960 certa
735 4895 871 4978 quadarn
886 4895 1114 4977 significatione
1132 4914 1151 4960 a
1167 4895 1269 4977 signif.
1291 4895 1458 4978 singularis
1474 4895 1613 4961 eiusdem
1628 4895 1817 4962 substantivi
1839 4893 1961 4962 diversa
1982 4896 2034 4978 (de

244 5029 306 5095 quo
329 5013 399 5080 vide
420 5014 485 5079 iam
499 5013 619 5099 supra),
634 5033 859 5099 nonnunquam
882 5017 975 5082 etiam
991 5014 1172 5100 ῥητορικῶς
1193 5018 1364 5100 usurpatur
1378 5016 1418 5082 ad
1434 5016 1694 5099 significationem
1710 5017 1874 5099 singularis
1888 5035 2035 5100 exagger-

244 5131 368 5212 andam,
391 5133 523 5218 denique
545 5138 861 5215 commemorandum,
882 5157 922 5202 ne
944 5137 1072 5203 nomina
1092 5135 1219 5229 propria
1240 5136 1366 5220 quidem
1397 5139 1430 5202 et
1451 5139 1611 5204 abstracta
1633 5157 1738 5204 carere
1759 5156 1889 5204 munero
1912 5139 2034 5223 plurali.

1886 5255 1914 5312 1*
