4740 5832
1229 431 1383 525 „14-

404 671 466 718 666
489 650 663 726 adhibetur,
687 651 713 714 si
736 649 931 715 substantivo
954 650 1121 716 66166616
1144 652 1280 717 additur.
1324 652 1376 718 Sio
1396 654 1421 734 Ι,
1442 656 1493 734 44,
1515 657 1537 721 4
1558 653 1652 734 16666,
1674 676 1772 738 quem
1815 661 1870 740 IV,
1893 665 2003 743 46,10
2026 673 2077 734 vir
2098 673 2197 738 66166.

405 771 460 852 IX,
483 773 533 850 29,
555 774 575 837 9
596 788 681 853 pent,
704 768 804 832 66166.
847 769 964 848 XXIlI,
989 771 1017 848 V,
1039 772 1060 836 4
1082 769 1132 833 vir
1154 770 1206 833 661
1227 775 1287 838 616.

488 891 514 973 t)
536 891 693 977 Repetitio
715 890 906 974 pronominis
924 891 1056 969 relativi,
1080 893 1169 958 eulus
1191 894 1334 978 exempla
1356 893 1465 960 afferre
1487 915 1571 962 nune
1594 899 1789 983 supersedeo.

490 1013 524 1079 Si
545 1013 579 1077 in
601 1010 814 1076 enuntiatione
836 1010 1001 1076 bimembri
1023 1030 1193 1094 pronomen
1215 1014 1383 1080 relativum
1404 1015 1499 1099 priori
1529 1019 1655 1082 tantum
1676 1021 1817 1086 membro
1848 1022 2025 1106 appositum
2053 1028 2109 1104 est,
2140 1034 2197 1096 aut

404 1135 437 1199 in
460 1135 558 1199 altero
580 1133 721 1197 membro
743 1151 781 1196 ex
801 1131 904 1214 priore
927 1131 987 1196 elio
1010 1149 1085 1196 oasu
1106 1135 1213 1198 mente
1240 1137 1289 1199 est
1317 1135 1530 1220 repetendum,
1553 1139 1610 1202 aut
1633 1139 1768 1204 alterum
1791 1143 1966 1208 membrum
1990 1148 2140 1214 oonvertit
2161 1167 2195 1214 se

402 1255 436 1320 in
465 1253 599 1318 formam
628 1251 851 1318 enuntiationis
884 1251 1154 1318 demonstrativae.
1211 1253 1387 1338 Utrumque
1420 1257 1483 1322 iam
1517 1257 1600 1341 apud
1630 1256 1765 1326 Graecos
1795 1261 1915 1327 166166
1944 1263 2094 1342 videmus,
2125 1269 2195 1336 vide

402 1376 516 1442 Bernh.
538 1375 620 1457 synt
643 1391 741 1456 praee.
764 1391 794 1455 p.
817 1371 889 1436 304.
934 1369 984 1436 Sia
1006 1371 1092 1455 prius
1114 1372 1235 1438 166166
1258 1379 1307 1440 661
1329 1377 1412 1459 apud
1434 1375 1557 1442 Livium
1578 1377 1633 1455 IX,
1658 1378 1736 1456 1,9;
1759 1380 1798 1458 X,
1821 1384 1873 1459 26,
1889 1383 1928 1458 6;
1950 1383 2093 1464 XXXVI,
2116 1386 2144 1465 7,
2166 1389 2195 1466 4,

402 1497 456 1561 ubi
477 1495 510 1560 in
531 1495 631 1579 priore
653 1495 759 1558 mente
782 1495 831 1558 661
847 1488 970 1572 quibas,
1000 1491 1197 1558 66611666
1225 1499 1331 1562 ruente
1360 1497 1539 1562 addendum
1567 1499 1616 1563 est
1647 1495 1712 1579 661.
1756 1501 1867 1567 Altera
1893 1505 2000 1569 autem
2029 1505 2110 1572 ratio
2140 1507 2197 1571 ad·

401 1616 503 1682 hibita
525 1616 574 1681 est
594 1613 620 1691 I,
643 1615 695 1690 31,
718 1615 753 1696 3;
775 1611 893 1690 XXIII,
915 1613 944 1691 8,
968 1613 988 1676 3
1010 1628 1080 1674 oum
1101 1630 1161 1692 666
1184 1649 1226 1662 —-
1248 1632 1303 1678 nee
1324 1621 1489 1701 66666166
1514 1620 1565 1696 36,
1590 1619 1647 1702 10;
1670 1619 1755 1698 XXI,
1778 1621 1830 1699 46,
1853 1623 1903 1687 10.

486 1733 746 1802 Ρ6666166666
777 1733 814 1798 66
843 1732 976 1815 reliquis
1001 1733 1235 1816 pronominibus
1265 1735 1377 1802 addere
1407 1739 1468 1804 hoo
1499 1738 1567 1804 loeo
1599 1739 1684 1806 libet.
1731 1739 1883 1822 Quisquis
1909 1761 2081 1825 pronomen
2102 1749 2196 1812 exuta

401 1856 626 1940 significatione
647 1854 778 1920 relativa
795 1852 942 1918 adseisoit
956 1871 1182 1936 nonnunquam
1203 1855 1282 1937 sign.
1305 1859 1496 1940 pronominis
1511 1857 1664 1940 quisque:
1685 1860 1743 1938 III,
1760 1861 1809 1940 37,
1833 1861 1852 1925 7
1874 1878 1944 1924 oum
1964 1859 2108 1942 fortene,
2130 1883 2195 1946 666

400 1974 557 2058 quidquid
576 1972 717 2054 capitam
737 1969 829 2052 foret,
845 1970 1035 2052 potentioris
1056 1974 1154 2048 esset,·
1175 1974 1260 2052 VIII,
1279 1977 1330 2054 38,
1347 1978 1384 2042 11
1401 1975 1438 2039 16
1452 1996 1508 2042 666
1523 1976 1667 2060 66166616
1685 1978 1790 2062 prada
1811 1979 1921 2045 666161
1935 2017 1976 2028 -
1986 1982 2195 2065 papensibus,-

401 2097 498 2176 XXV,
521 2099 572 2174 29,
593 2097 613 2161 6
635 2114 696 2176 666
717 2093 861 2176 66166616
882 2095 970 2156 terro
991 2089 1123 2174 6616666
1143 2093 1229 2156 mori
1250 2093 1389 2170 venerit;
1410 2098 1586 2177 XXXVIII,
1611 2100 1721 2178 1616
1745 2101 1928 2182 peneresius
1956 2101 1992 2166 16
2021 2121 2081 2167 666
2103 2102 2194 2186 paid-

400 2215 480 2300 6616
499 2213 570 2280 sede
589 2214 742 2298 pipoitar.
765 2249 806 2261 -
830 2212 1023 2293 Quicumque
1045 2217 1100 2279 661
1122 2217 1171 2280 661
1193 2233 1364 2298 pronomen
1385 2218 1552 2284 relativum
1580 2219 1783 2286 eoniunetum
1812 2241 1885 2287 oum
1907 2224 2000 2290 verbo
2028 2225 2117 2290 finito
2139 2227 2195 2291 661

402 2339 515 2404 661666
538 2354 573 2402 66
596 2336 724 2420 ponitur
745 2335 778 2400 in
801 2335 963 2400 eontracta
986 2333 1209 2413 enuntiatione,
1230 2339 1268 2400 ut
1289 2355 1515 2421 nonnunquam
1536 2339 1629 2422 plane
1651 2358 1685 2406 66
1701 2343 1863 2408 convertat
1884 2343 1917 2406 16
1932 2343 2194 2426 significationem

400 2477 512 2525 voeum
533 2453 646 2538 661616,
668 2451 805 2536 quilebet,
833 2453 878 2519 sie
904 2452 929 2534 I,
952 2456 980 2532 3,
1003 2455 1040 2529 3;
1069 2453 1125 2532 IX,
1147 2456 1177 2532 9,
1202 2455 1257 2533 11;
1287 2456 1326 2535 Χ,
1351 2459 1399 2536 13,
1422 2459 1459 2532 3;
1490 2457 1590 2536 XXII,
1620 2460 1671 2538 58,
1692 2461 1730 2536 ῦς
1761 2461 1887 2540 XXXV,
1911 2463 1961 2540 13,
1984 2465 2020 2540 9;
2050 2463 2194 2550 XXXIX,

401 2578 452 2655 10,
476 2578 512 2654 8;
535 2575 600 2654 XL,
624 2577 673 2654 13,
697 2576 732 2658 1;
755 2574 848 2653 XIV,
870 2575 921 2662 23,
945 2576 983 2650 6;
1006 2574 1031 2652 I,
1055 2575 1105 2652 39,
1127 2575 1164 2650 ὃς
1186 2575 1244 2652 ΠΙ,
1268 2576 1319 2654 40,
1339 2578 1376 2654 7;
1398 2575 1452 2658 lv,
1468 2578 1519 2656 39,
1535 2581 1573 2658 3;
1594 2579 1635 2658 X,
1652 2581 1702 2658 18,
1719 2581 1755 2648 l:
1777 2581 1919 2660 XXXVI,
1937 2583 1965 2662 7,
1975 2584 2010 2650 ,3.
2050 2583 2193 2668 Denique

377 2697 591 2800 'pronominis
612 2693 700 2758 61166
722 2697 753 2761 61
775 2695 936 2778 genetivus
966 2697 997 2759 et
1018 2694 1142 2760 dativus
1165 2699 1198 2760 61
1228 2696 1384 2762 ablatIvus
1415 2717 1505 2764 ossus
1532 2699 1565 2765 iu
1596 2700 1747 2783 singulari
1775 2721 1905 2768 numero
1936 2721 2028 2787 saepe
2058 2722 2077 2770 6
2107 2703 2193 2768 Livio

400 2838 456 2904 pro
479 2817 675 2885 substantivo
708 2817 902 2899 usurpantur
935 2811 987 2896 (61.
1014 2813 1190 2882 Kuehnast.
1222 2813 1246 2894 Ι,
1272 2837 1301 2900 p.
1324 2815 1387 2899 47),
1422 2819 1518 2884 66661
1552 2819 1629 2884 6666
1662 2817 1715 2900 (ΙΙ,
1748 2821 1798 2898 59,
1823 2819 1856 2904 7)
1880 2821 1984 2904 (nemo
2005 2819 2106 2884 611166
2127 2821 2193 2886 nisi

398 2937 496 3021 sapae
517 2935 647 3018 memor)
671 2936 832 3019 genetivus
855 2936 977 3017 generis
999 2935 1112 3012 neutri,
1134 2935 1244 3000 itidem
1265 2932 1351 3012 61116,
1372 2933 1455 3001 61166
1476 2957 1606 3004 numero
1628 2939 1750 3023 plurali.
1892 2944 1896 2950 '

485 3059 523 3124 In
546 3059 644 3123 altera
661 3056 797 3122 seotione
827 3055 968 3138 syntaxis
995 3055 1159 3120 notionum
1185 3054 1357 3138 praedicati
1386 3059 1584 3138 tractabitur,
1618 3059 1704 3124 verbi
1740 3061 1772 3124 et
1800 3059 1952 3139 adieetivi,
1985 3080 2023 3128 ae
2056 3063 2193 3148 primum

397 3179 524 3265 quidem
547 3180 658 3260 agetur
679 3177 718 3243 de
740 3175 905 3242 omissione
928 3175 1014 3240 verbi
1037 3175 1227 3240 substantivi
1249 3193 1323 3250 esse,
1351 3175 1462 3241 deinde
1485 3177 1522 3242 de
1538 3177 1630 3244 varis
1645 3181 1811 3262 generibus
1833 3181 2012 3264 praedieati,
2035 3186 2190 3266 66616666

397 3301 431 3367 16
453 3303 502 3367 661
513 3301 581 3366 661
603 3297 798 3363 substantivo
814 3300 870 3362 aut
884 3295 1036 3361 adieetivo
1052 3298 1109 3361 aut
1123 3295 1269 3360 adverbio
1285 3313 1473 3380 expressum.
1511 3296 1657 3382 Sequitur
1672 3301 1812 3382 syntaxis
1834 3302 1920 3366 verbi
1942 3304 1975 3366 et
1988 3303 2034 3368 116
2055 3303 2189 3385 quidem,

397 3425 434 3488 61
455 3421 592 3506 66666
614 3421 727 3500 agatur
748 3418 787 3483 de
812 3417 939 3482 notione
972 3417 1067 3498 61666
1100 3414 1266 3497 generibus
1299 3417 1387 3481 verbi
1422 3417 1455 3482 in
1489 3419 1678 3484 universnm.
1740 3419 2006 3502 Distinguendum
2036 3425 2086 3485 est
2107 3421 2190 3484 inter

397 3543 532 3608 6611666
554 3539 815 3623 signifieationem
837 3540 869 3602 et
898 3537 1064 3620 passivam,
1093 3535 1148 3600 illa
1176 3536 1394 3620 6666166616
1423 3538 1584 3603 66116666
1616 3537 1814 3603 transitivum
1845 3543 1878 3605 61
1904 3539 2136 3606 1666661166
2157 3541 2190 3604 61

397 3663 430 3727 in
452 3661 546 3728 aetivi
567 3661 667 3725 forma
689 3661 721 3724 at
740 3659 773 3724 in
797 3657 1014 3740 deponentioli.
1057 3657 1206 3722 6611666
1228 3675 1320 3740 saepe
1341 3675 1404 3723 non
1426 3657 1458 3721 id
1481 3657 1646 3742 signifieat,
1668 3657 1751 3740 quod
1773 3658 1951 3725 subiectum
1976 3661 2080 3744 ipsum
2103 3659 2190 3738 16611,

398 3783 453 3850 666
475 3780 556 3866 6666
578 3799 634 3865 per
655 3779 751 3844 alium
772 3778 950 3844 laciendum
971 3777 1061 3842 ourat
1082 3776 1145 3842 sive
1168 3777 1266 3843 elfieit
1287 3779 1324 3844 ut
1353 3778 1417 3843 fiat
1462 3779 1576 3844 dativa
1604 3779 1771 3845 verborum
1792 3777 1878 3858 coepi
1906 3783 1939 3846 et
1960 3777 2068 3844 666166
2097 3799 2189 3864 saepe

398 3902 524 3970 abivio
553 3920 626 3967 666
656 3899 817 3965 infinitivis
847 3898 963 3982 passivi
995 3897 1237 3980 eoniungnntur.
1289 3897 1468 3964 infinitivus
1498 3899 1590 3963 aetivi
1621 3899 1779 3966 interdum
1808 3901 1935 3984 ponitur
1962 3902 2035 3985 post
2059 3901 2188 3966 verbum

395 4019 510 4099 lotoe,
532 4021 587 4087 ubi
607 4020 768 4104 passivum
790 4021 959 4103 erspeetas,
988 4017 1016 4083 si
1043 4035 1184 4102 persona,
1219 4037 1298 4102 qnae
1331 4020 1371 4084 ad
1404 4020 1560 4084 66116666
1593 4021 1751 4103 quandam
1781 4021 2003 4104 perfioiendam
2032 4019 2188 4086 destinata

397 4147 454 4222 est,
471 4143 628 4210 reticetur.
665 4138 909 4208 constituendus
930 4138 1104 4205 66166666
1126 4137 1218 4202 index
1239 4139 1413 4218 verborum,
1436 4159 1516 4223 qnae
1538 4143 1571 4206 et
1585 4141 1750 4206 transitiva
1764 4143 1796 4205 et
1814 4141 2012 4206 intransitiva
2034 4136 2189 4220 signifiea-

398 4263 482 4332 tione
505 4261 632 4330 alrivio
652 4263 851 4345 usurpantur.
896 4258 947 4324 Ad
970 4259 1217 4342 deponentislem
1238 4276 1332 4324 usum
1354 4261 1403 4326 est
1417 4261 1512 4326 61166
1525 4260 1733 4340 referendum,
1749 4259 1831 4344 quod
1853 4258 2018 4344 partieipia
2038 4255 2188 4322 nonnulla

396 4383 526 4470 perfeeti
548 4381 663 4467 passivi
685 4399 704 4446 a
725 4378 827 4446 verbis
849 4379 958 4445 aetivis
980 4379 1115 4445 formata
1137 4383 1213 4445 sunt
1234 4379 1461 4462 significatione
1482 4382 1594 4459 661166,
1616 4382 1799 4465 plerumque
1821 4378 2020 4444 intransibiva
2035 4374 2186 4456 (adultus,

397 4505 544 4582 exoletus,
566 4502 734 4578 obsoletus,
756 4501 929 4578 eoneretus,
951 4500 1095 4580 iuratus).
1139 4500 1338 4585 Deponentia
1358 4520 1450 4587 saepe
1472 4501 1595 4584 passiva
1617 4498 1844 4582 significatione
1865 4499 2065 4582 usurpantur.
2111 4495 2189 4562 Pas-

398 4623 499 4691 sivum
521 4641 613 4707 saepe
636 4623 692 4688 aut
720 4619 946 4704 signifieatione
977 4620 1159 4704 almplieiter
1187 4620 1332 4687 reflexiva
1359 4623 1493 4705 ponitur,
1526 4623 1581 4686 661
1610 4619 1766 4702 signifieat
1795 4618 1896 4684 sinere
1923 4617 2059 4702 aliquem
2086 4635 2206 4700 neque·

397 4743 546 4829 impedire
568 4761 629 4825 quo
650 4741 755 4808 minus
777 4760 810 4808 se
836 4741 954 4824 aliquid
983 4741 1048 4818 661,
1078 4742 1133 4806 661
1162 4741 1295 4825 6661666
1325 4761 1442 4820 aurare,
1471 4743 1508 4806 nt
1537 4759 1571 4805 se
1600 4739 1718 4823 aliquid
1748 4739 1814 4804 fiat.
1857 4737 2038 4804 Pmmisene
2061 4736 2187 4804 alrivio

397 4865 511 4930 dieitur
532 4860 670 4944 receptui
691 4879 803 4925 maere
831 4863 864 4926 et
889 4859 971 4924 6661.
1022 4861 1110 4926 Inter
1139 4858 1264 4940 ellipses
1291 4863 1377 4927 verbi
1406 4861 1543 4945 primum
1574 4859 1846 4926 eommemoranda
1877 4862 1926 4926 est
1955 4859 2080 4924 6616616
2101 4855 2187 4925 verbi

397 4984 556 5068 eogitandi
576 4985 626 5050 vel
647 4983 769 5050 dieendi
791 4983 825 5048 in
846 4981 972 5066 spodosi
994 4999 1176 5066 praegressa
1199 4982 1412 5048 enuntiatione
1434 5001 1490 5066 per
1510 4978 1677 5058 6166616.
1701 4980 1792 5046 elata.
1824 4980 1945 5048 Deinde
1959 4979 1993 5046 in
2006 4979 2187 5044 universum

395 5083 719 5180 ’6616666166666
741 5103 906 5170 verborum
927 5100 1041 5183 faeere,
1063 5101 1146 5184 fieri,
1167 5121 1269 5184 opere.
1312 5102 1593 5186 Frequentisrimae
1615 5103 1690 5170 sunt
1711 5103 1863 5171 formulae
1884 5095 2088 5176 6111161166,
2110 5091 2189 5184 6616
