<?xml version="1.0" encoding="UTF-8"?>
<!DOCTYPE html PUBLIC "-//W3C//DTD XHTML 1.0 Transitional//EN"
    "http://www.w3.org/TR/xhtml1/DTD/xhtml1-transitional.dtd">
<html xmlns="http://www.w3.org/1999/xhtml" xml:lang="en" lang="en">
 <head>
  <title>
</title>
<meta http-equiv="Content-Type" content="text/html;charset=utf-8" />
  <meta name='ocr-system' content='tesseract 3.04.00' />
  <meta name='ocr-capabilities' content='ocr_page ocr_carea ocr_par ocr_line ocrx_word'/>
</head>
<body>
  <div class='ocr_page' id='page_1' title='image "./derectaeorumqua00holtgoog_0008.png"; bbox 0 0 4740 5832; ppageno 0'>
   <div class='ocr_carea' id='block_1_1' title="bbox 370 1683 1883 2002">
    <p class='ocr_par' dir='ltr' id='par_1_1' title="bbox 370 1683 1883 2002">
     <span class='ocr_line' id='line_1_1' title="bbox 370 1683 1883 1826; baseline -0.003 -24"><span class='ocrx_word' id='word_1_1' title='bbox 370 1689 441 1804; x_wconf 84' lang='lat' dir='ltr'>Ile</span> <span class='ocrx_word' id='word_1_2' title='bbox 477 1693 620 1802; x_wconf 87' lang='lat' dir='ltr'>recta</span> <span class='ocrx_word' id='word_1_3' title='bbox 655 1719 848 1820; x_wconf 91' lang='lat' dir='ltr'>eorum,</span> <span class='ocrx_word' id='word_1_4' title='bbox 885 1721 1014 1824; x_wconf 84' lang='lat' dir='ltr'>quae</span> <span class='ocrx_word' id='word_1_5' title='bbox 1051 1686 1114 1800; x_wconf 88' lang='lat' dir='ltr'>ad</span> <span class='ocrx_word' id='word_1_6' title='bbox 1151 1685 1399 1826; x_wconf 82' lang='lat' dir='ltr'>syntaxis</span> <span class='ocrx_word' id='word_1_7' title='bbox 1436 1683 1573 1799; x_wconf 88' lang='lat' dir='ltr'>bivii</span> <span class='ocrx_word' id='word_1_8' title='bbox 1606 1685 1883 1826; x_wconf 78' lang='lat' dir='ltr'>pertinent,</span> 
     </span>
     <span class='ocr_line' id='line_1_2' title="bbox 501 1854 1755 2002; baseline 0 -30"><span class='ocrx_word' id='word_1_9' title='bbox 501 1858 970 2002; x_wconf 88' lang='lat' dir='ltr'>dispertiendorum</span> <span class='ocrx_word' id='word_1_10' title='bbox 1007 1864 1058 1974; x_wconf 90' lang='lat' dir='ltr'>et</span> <span class='ocrx_word' id='word_1_11' title='bbox 1094 1856 1503 1972; x_wconf 88' lang='lat' dir='ltr'>ordinandorum</span> <span class='ocrx_word' id='word_1_12' title='bbox 1538 1854 1755 1972; x_wconf 85' lang='lat' dir='ltr'>ratione.</span> 
     </span>
    </p>
   </div>
   <div class='ocr_carea' id='block_1_2' title="bbox 236 2255 2026 2958">
    <p class='ocr_par' dir='ltr' id='par_1_2' title="bbox 236 2255 2026 2958">
     <span class='ocr_line' id='line_1_3' title="bbox 321 2255 2024 2342; baseline -0.001 -13"><span class='ocrx_word' id='word_1_13' title='bbox 321 2263 408 2329; x_wconf 87' lang='lat' dir='ltr'>Nihil</span> <span class='ocrx_word' id='word_1_14' title='bbox 428 2263 579 2328; x_wconf 79' lang='lat' dir='ltr'>interesse</span> <span class='ocrx_word' id='word_1_15' title='bbox 601 2263 633 2326; x_wconf 91' lang='lat' dir='ltr'>ct</span> <span class='ocrx_word' id='word_1_16' title='bbox 653 2280 721 2326; x_wconf 90' lang='lat' dir='ltr'>rem</span> <span class='ocrx_word' id='word_1_17' title='bbox 741 2259 1034 2325; x_wconf 87' lang='lat' dir='ltr'>nulliusmomenti</span> <span class='ocrx_word' id='word_1_18' title='bbox 1055 2277 1131 2336; x_wconf 89' lang='lat' dir='ltr'>esse,</span> <span class='ocrx_word' id='word_1_19' title='bbox 1154 2257 1309 2341; x_wconf 91' lang='lat' dir='ltr'>quomodo</span> <span class='ocrx_word' id='word_1_20' title='bbox 1333 2275 1379 2336; x_wconf 91' lang='lat' dir='ltr'>ea,</span> <span class='ocrx_word' id='word_1_21' title='bbox 1402 2275 1481 2340; x_wconf 85' lang='lat' dir='ltr'>quae</span> <span class='ocrx_word' id='word_1_22' title='bbox 1497 2257 1657 2342; x_wconf 80' lang='lat' dir='ltr'>pertinent</span> <span class='ocrx_word' id='word_1_23' title='bbox 1677 2255 1718 2324; x_wconf 89' lang='lat' dir='ltr'>ad</span> <span class='ocrx_word' id='word_1_24' title='bbox 1740 2258 1886 2342; x_wconf 87' lang='lat' dir='ltr'>syntaxin</span> <span class='ocrx_word' id='word_1_25' title='bbox 1907 2257 2024 2328; x_wconf 87' lang='lat' dir='ltr'>descri-</span> 
     </span>
     <span class='ocr_line' id='line_1_4' title="bbox 236 2377 2025 2468; baseline -0.002 -19"><span class='ocrx_word' id='word_1_26' title='bbox 236 2384 384 2459; x_wconf 84' lang='lat' dir='ltr'>bendum,</span> <span class='ocrx_word' id='word_1_27' title='bbox 407 2383 630 2468; x_wconf 87' lang='lat' dir='ltr'>dispertiantur</span> <span class='ocrx_word' id='word_1_28' title='bbox 657 2385 690 2446; x_wconf 90' lang='lat' dir='ltr'>et</span> <span class='ocrx_word' id='word_1_29' title='bbox 713 2381 908 2459; x_wconf 86' lang='lat' dir='ltr'>ordinentur,</span> <span class='ocrx_word' id='word_1_30' title='bbox 936 2399 1047 2458; x_wconf 89' lang='lat' dir='ltr'>nemo,</span> <span class='ocrx_word' id='word_1_31' title='bbox 1077 2380 1203 2463; x_wconf 90' lang='lat' dir='ltr'>opinor,</span> <span class='ocrx_word' id='word_1_32' title='bbox 1232 2379 1308 2457; x_wconf 91' lang='lat' dir='ltr'>erit,</span> <span class='ocrx_word' id='word_1_33' title='bbox 1338 2379 1392 2462; x_wconf 89' lang='lat' dir='ltr'>qui</span> <span class='ocrx_word' id='word_1_34' title='bbox 1419 2378 1606 2444; x_wconf 75' lang='lat' dir='ltr'>contendere</span> <span class='ocrx_word' id='word_1_35' title='bbox 1629 2379 1711 2444; x_wconf 88' lang='lat' dir='ltr'>velit</span> <span class='ocrx_word' id='word_1_36' title='bbox 1755 2377 1896 2446; x_wconf 79' lang='lat' dir='ltr'>Fuerunt</span> <span class='ocrx_word' id='word_1_37' title='bbox 1918 2382 2025 2447; x_wconf 87' lang='lat' dir='ltr'>autem</span> 
     </span>
     <span class='ocr_line' id='line_1_5' title="bbox 236 2499 2025 2588; baseline -0.001 -19"><span class='ocrx_word' id='word_1_38' title='bbox 236 2504 442 2588; x_wconf 81' lang='lat' dir='ltr'>grammatici,</span> <span class='ocrx_word' id='word_1_39' title='bbox 465 2504 518 2586; x_wconf 92' lang='lat' dir='ltr'>qui</span> <span class='ocrx_word' id='word_1_40' title='bbox 539 2503 756 2568; x_wconf 86' lang='lat' dir='ltr'>recentiorum</span> <span class='ocrx_word' id='word_1_41' title='bbox 771 2501 966 2586; x_wconf 83' lang='lat' dir='ltr'>quomodam</span> <span class='ocrx_word' id='word_1_42' title='bbox 987 2500 1178 2565; x_wconf 81' lang='lat' dir='ltr'>nostratium</span> <span class='ocrx_word' id='word_1_43' title='bbox 1199 2499 1326 2566; x_wconf 88' lang='lat' dir='ltr'>inventa</span> <span class='ocrx_word' id='word_1_44' title='bbox 1348 2518 1411 2566; x_wconf 92' lang='lat' dir='ltr'>uon</span> <span class='ocrx_word' id='word_1_45' title='bbox 1434 2503 1579 2566; x_wconf 80' lang='lat' dir='ltr'>ementes</span> <span class='ocrx_word' id='word_1_46' title='bbox 1600 2519 1677 2566; x_wconf 91' lang='lat' dir='ltr'>num</span> <span class='ocrx_word' id='word_1_47' title='bbox 1698 2519 1773 2566; x_wconf 88' lang='lat' dir='ltr'>vcra</span> <span class='ocrx_word' id='word_1_48' title='bbox 1794 2503 1877 2566; x_wconf 87' lang='lat' dir='ltr'>esset</span> <span class='ocrx_word' id='word_1_49' title='bbox 1897 2501 2025 2567; x_wconf 89' lang='lat' dir='ltr'>illorum</span> 
     </span>
     <span class='ocr_line' id='line_1_6' title="bbox 236 2620 2024 2708; baseline -0.002 -18"><span class='ocrx_word' id='word_1_50' title='bbox 236 2625 387 2708; x_wconf 85' lang='lat' dir='ltr'>doctrina,</span> <span class='ocrx_word' id='word_1_51' title='bbox 411 2623 450 2688; x_wconf 89' lang='lat' dir='ltr'>ad</span> <span class='ocrx_word' id='word_1_52' title='bbox 473 2625 619 2706; x_wconf 90' lang='lat' dir='ltr'>antiquas</span> <span class='ocrx_word' id='word_1_53' title='bbox 641 2641 764 2706; x_wconf 90' lang='lat' dir='ltr'>quoque</span> <span class='ocrx_word' id='word_1_54' title='bbox 786 2622 927 2704; x_wconf 83' lang='lat' dir='ltr'>linguas,</span> <span class='ocrx_word' id='word_1_55' title='bbox 950 2638 1094 2702; x_wconf 85' lang='lat' dir='ltr'>graecam</span> <span class='ocrx_word' id='word_1_56' title='bbox 1116 2621 1184 2686; x_wconf 88' lang='lat' dir='ltr'>dico</span> <span class='ocrx_word' id='word_1_57' title='bbox 1207 2622 1240 2685; x_wconf 89' lang='lat' dir='ltr'>et</span> <span class='ocrx_word' id='word_1_58' title='bbox 1260 2620 1407 2699; x_wconf 90' lang='lat' dir='ltr'>latinam,</span> <span class='ocrx_word' id='word_1_59' title='bbox 1431 2639 1503 2685; x_wconf 89' lang='lat' dir='ltr'>cum</span> <span class='ocrx_word' id='word_1_60' title='bbox 1524 2638 1639 2702; x_wconf 83' lang='lat' dir='ltr'>magno</span> <span class='ocrx_word' id='word_1_61' title='bbox 1661 2621 1739 2687; x_wconf 87' lang='lat' dir='ltr'>recti</span> <span class='ocrx_word' id='word_1_62' title='bbox 1761 2621 1877 2688; x_wconf 89' lang='lat' dir='ltr'>ordinis</span> <span class='ocrx_word' id='word_1_63' title='bbox 1899 2623 1931 2688; x_wconf 91' lang='lat' dir='ltr'>et</span> <span class='ocrx_word' id='word_1_64' title='bbox 1952 2641 2024 2707; x_wconf 90' lang='lat' dir='ltr'>pcr-</span> 
     </span>
     <span class='ocr_line' id='line_1_7' title="bbox 236 2739 2026 2830; baseline -0.001 -20"><span class='ocrx_word' id='word_1_65' title='bbox 236 2745 411 2830; x_wconf 77' lang='lat' dir='ltr'>spiciutstis</span> <span class='ocrx_word' id='word_1_66' title='bbox 445 2744 630 2808; x_wconf 89' lang='lat' dir='ltr'>detrimento</span> <span class='ocrx_word' id='word_1_67' title='bbox 665 2743 878 2808; x_wconf 81' lang='lat' dir='ltr'>transferrent.</span> <span class='ocrx_word' id='word_1_68' title='bbox 938 2741 1117 2806; x_wconf 78' lang='lat' dir='ltr'>Extiterunt</span> <span class='ocrx_word' id='word_1_69' title='bbox 1153 2743 1237 2806; x_wconf 82' lang='lat' dir='ltr'>anun</span> <span class='ocrx_word' id='word_1_70' title='bbox 1266 2741 1348 2806; x_wconf 90' lang='lat' dir='ltr'>inter</span> <span class='ocrx_word' id='word_1_71' title='bbox 1379 2739 1550 2808; x_wconf 82' lang='lat' dir='ltr'>Germanos</span> <span class='ocrx_word' id='word_1_72' title='bbox 1584 2741 1646 2808; x_wconf 87' lang='lat' dir='ltr'>duc</span> <span class='ocrx_word' id='word_1_73' title='bbox 1678 2741 1749 2822; x_wconf 87' lang='lat' dir='ltr'>viri,</span> <span class='ocrx_word' id='word_1_74' title='bbox 1778 2741 1960 2825; x_wconf 84' lang='lat' dir='ltr'>Herlingius</span> <span class='ocrx_word' id='word_1_75' title='bbox 1993 2745 2026 2812; x_wconf 90' lang='lat' dir='ltr'>et</span> 
     </span>
     <span class='ocr_line' id='line_1_8' title="bbox 236 2860 2025 2958; baseline -0.001 -27"><span class='ocrx_word' id='word_1_76' title='bbox 236 2865 269 2931; x_wconf 80' lang='lat'>0.</span> <span class='ocrx_word' id='word_1_77' title='bbox 294 2864 384 2930; x_wconf 78' lang='lat' dir='ltr'>Ferd.</span> <span class='ocrx_word' id='word_1_78' title='bbox 408 2865 582 2941; x_wconf 80' lang='lat' dir='ltr'>Beckerus,</span> <span class='ocrx_word' id='word_1_79' title='bbox 615 2864 669 2946; x_wconf 89' lang='lat' dir='ltr'>qui</span> <span class='ocrx_word' id='word_1_80' title='bbox 690 2883 804 2929; x_wconf 89' lang='lat' dir='ltr'>novam</span> <span class='ocrx_word' id='word_1_81' title='bbox 834 2881 961 2946; x_wconf 88' lang='lat' dir='ltr'>prorsus</span> <span class='ocrx_word' id='word_1_82' title='bbox 993 2861 1245 2928; x_wconf 79' lang='lat' dir='ltr'>enuntiationum</span> <span class='ocrx_word' id='word_1_83' title='bbox 1267 2860 1535 2958; x_wconf 82' lang='lat' dir='ltr'>secundariorum,</span> <span class='ocrx_word' id='word_1_84' title='bbox 1558 2881 1637 2946; x_wconf 90' lang='lat' dir='ltr'>quae</span> <span class='ocrx_word' id='word_1_85' title='bbox 1660 2863 1823 2940; x_wconf 85' lang='lat' dir='ltr'>dicuntur,</span> <span class='ocrx_word' id='word_1_86' title='bbox 1850 2862 2025 2932; x_wconf 86' lang='lat' dir='ltr'>doctrinam</span> 
     </span>
    </p>
   </div>
   <div class='ocr_carea' id='block_1_3' title="bbox 234 2981 2028 5122">
    <p class='ocr_par' dir='ltr' id='par_1_3' title="bbox 234 2981 2028 4256">
     <span class='ocr_line' id='line_1_9' title="bbox 235 2981 2026 3070; baseline -0.001 -19"><span class='ocrx_word' id='word_1_87' title='bbox 235 2986 495 3068; x_wconf 82' lang='lat' dir='ltr'>excogitaverunt,</span> <span class='ocrx_word' id='word_1_88' title='bbox 517 2984 689 3049; x_wconf 86' lang='lat' dir='ltr'>dividentes</span> <span class='ocrx_word' id='word_1_89' title='bbox 711 2983 782 3048; x_wconf 89' lang='lat' dir='ltr'>illas</span> <span class='ocrx_word' id='word_1_90' title='bbox 804 2984 836 3047; x_wconf 91' lang='lat' dir='ltr'>in</span> <span class='ocrx_word' id='word_1_91' title='bbox 858 2985 922 3048; x_wconf 90' lang='lat' dir='ltr'>tres</span> <span class='ocrx_word' id='word_1_92' title='bbox 943 2985 1058 3067; x_wconf 83' lang='lat' dir='ltr'>partes,</span> <span class='ocrx_word' id='word_1_93' title='bbox 1081 2983 1302 3060; x_wconf 84' lang='lat' dir='ltr'>substantivas,</span> <span class='ocrx_word' id='word_1_94' title='bbox 1325 2981 1503 3061; x_wconf 85' lang='lat' dir='ltr'>adiectivas,</span> <span class='ocrx_word' id='word_1_95' title='bbox 1524 2982 1723 3061; x_wconf 81' lang='lat' dir='ltr'>adverbiales,</span> <span class='ocrx_word' id='word_1_96' title='bbox 1750 3002 1848 3069; x_wconf 88' lang='lat' dir='ltr'>eaque</span> <span class='ocrx_word' id='word_1_97' title='bbox 1876 2985 1910 3050; x_wconf 92' lang='lat' dir='ltr'>in</span> <span class='ocrx_word' id='word_1_98' title='bbox 1932 3003 2026 3070; x_wconf 89' lang='lat' dir='ltr'>expo·</span> 
     </span>
     <span class='ocr_line' id='line_1_10' title="bbox 235 3102 2026 3189; baseline 0.001 -18"><span class='ocrx_word' id='word_1_99' title='bbox 235 3106 338 3171; x_wconf 93' lang='lat' dir='ltr'>nenda</span> <span class='ocrx_word' id='word_1_100' title='bbox 360 3105 483 3189; x_wconf 78' lang='lat' dir='ltr'>syntaxi</span> <span class='ocrx_word' id='word_1_101' title='bbox 500 3106 680 3186; x_wconf 84' lang='lat' dir='ltr'>germanica</span> <span class='ocrx_word' id='word_1_102' title='bbox 700 3105 750 3168; x_wconf 92' lang='lat' dir='ltr'>usi</span> <span class='ocrx_word' id='word_1_103' title='bbox 772 3106 855 3169; x_wconf 90' lang='lat' dir='ltr'>sunt.</span> <span class='ocrx_word' id='word_1_104' title='bbox 898 3103 1028 3169; x_wconf 86' lang='lat' dir='ltr'>Beckeri</span> <span class='ocrx_word' id='word_1_105' title='bbox 1049 3105 1156 3168; x_wconf 89' lang='lat' dir='ltr'>autem</span> <span class='ocrx_word' id='word_1_106' title='bbox 1179 3104 1247 3168; x_wconf 89' lang='lat' dir='ltr'>tota</span> <span class='ocrx_word' id='word_1_107' title='bbox 1267 3102 1348 3168; x_wconf 87' lang='lat' dir='ltr'>ratio</span> <span class='ocrx_word' id='word_1_108' title='bbox 1372 3121 1445 3168; x_wconf 92' lang='lat' dir='ltr'>oum</span> <span class='ocrx_word' id='word_1_109' title='bbox 1465 3103 1602 3169; x_wconf 81' lang='lat' dir='ltr'>refutata</span> <span class='ocrx_word' id='word_1_110' title='bbox 1624 3106 1656 3170; x_wconf 90' lang='lat' dir='ltr'>et</span> <span class='ocrx_word' id='word_1_111' title='bbox 1678 3105 1804 3188; x_wconf 90' lang='lat' dir='ltr'>explosa</span> <span class='ocrx_word' id='word_1_112' title='bbox 1826 3105 1869 3170; x_wconf 92' lang='lat' dir='ltr'>sit</span> <span class='ocrx_word' id='word_1_113' title='bbox 1889 3103 2026 3172; x_wconf 87' lang='lat' dir='ltr'>aStcin·</span> 
     </span>
     <span class='ocr_line' id='line_1_11' title="bbox 235 3223 2026 3308; baseline -0.001 -16"><span class='ocrx_word' id='word_1_114' title='bbox 235 3227 332 3292; x_wconf 87' lang='lat' dir='ltr'>tbulio</span> <span class='ocrx_word' id='word_1_115' title='bbox 354 3227 387 3292; x_wconf 93' lang='lat' dir='ltr'>in</span> <span class='ocrx_word' id='word_1_116' title='bbox 412 3227 510 3304; x_wconf 89' lang='lat' dir='ltr'>libro,</span> <span class='ocrx_word' id='word_1_117' title='bbox 538 3243 631 3308; x_wconf 90' lang='lat' dir='ltr'>quem</span> <span class='ocrx_word' id='word_1_118' title='bbox 653 3225 706 3288; x_wconf 88' lang='lat' dir='ltr'>ille</span> <span class='ocrx_word' id='word_1_119' title='bbox 728 3224 853 3308; x_wconf 90' lang='lat' dir='ltr'>scripsit</span> <span class='ocrx_word' id='word_1_120' title='bbox 876 3223 913 3288; x_wconf 91' lang='lat' dir='ltr'>de</span> <span class='ocrx_word' id='word_1_121' title='bbox 936 3224 1094 3307; x_wconf 89' lang='lat' dir='ltr'>principiis</span> <span class='ocrx_word' id='word_1_122' title='bbox 1121 3223 1346 3306; x_wconf 84' lang='lat' dir='ltr'>grammaticae</span> <span class='ocrx_word' id='word_1_123' title='bbox 1378 3223 1497 3303; x_wconf 84' lang='lat' dir='ltr'>logicae</span> <span class='ocrx_word' id='word_1_124' title='bbox 1520 3224 1756 3308; x_wconf 85' lang='lat' dir='ltr'>psychologiae,</span> <span class='ocrx_word' id='word_1_125' title='bbox 1785 3225 1940 3308; x_wconf 76' lang='lat' dir='ltr'>Herlingii</span> <span class='ocrx_word' id='word_1_126' title='bbox 1962 3225 2026 3292; x_wconf 91' lang='lat' dir='ltr'>dis-</span> 
     </span>
     <span class='ocr_line' id='line_1_12' title="bbox 234 3342 2024 3430; baseline 0.001 -19"><span class='ocrx_word' id='word_1_127' title='bbox 234 3347 438 3412; x_wconf 89' lang='lat' dir='ltr'>tributionem</span> <span class='ocrx_word' id='word_1_128' title='bbox 462 3349 494 3412; x_wconf 89' lang='lat' dir='ltr'>et</span> <span class='ocrx_word' id='word_1_129' title='bbox 516 3347 644 3411; x_wconf 90' lang='lat' dir='ltr'>nomina</span> <span class='ocrx_word' id='word_1_130' title='bbox 664 3345 727 3409; x_wconf 87' lang='lat' dir='ltr'>iam</span> <span class='ocrx_word' id='word_1_131' title='bbox 749 3343 869 3428; x_wconf 87' lang='lat' dir='ltr'>pridem</span> <span class='ocrx_word' id='word_1_132' title='bbox 891 3343 1086 3427; x_wconf 82' lang='lat' dir='ltr'>impugnavit</span> <span class='ocrx_word' id='word_1_133' title='bbox 1101 3343 1242 3408; x_wconf 80' lang='lat' dir='ltr'>Etzlerus</span> <span class='ocrx_word' id='word_1_134' title='bbox 1264 3343 1296 3406; x_wconf 90' lang='lat' dir='ltr'>in</span> <span class='ocrx_word' id='word_1_135' title='bbox 1319 3342 1587 3425; x_wconf 89' lang='lat' dir='ltr'>disquisitionibus</span> <span class='ocrx_word' id='word_1_136' title='bbox 1609 3345 1824 3427; x_wconf 85' lang='lat' dir='ltr'>grammaticis</span> <span class='ocrx_word' id='word_1_137' title='bbox 1842 3367 1872 3430; x_wconf 92' lang='lat' dir='ltr'>p.</span> <span class='ocrx_word' id='word_1_138' title='bbox 1888 3347 2024 3414; x_wconf 84' lang='lat'>68-80.</span> 
     </span>
     <span class='ocr_line' id='line_1_13' title="bbox 234 3435 2027 3551; baseline 0 -19"><span class='ocrx_word' id='word_1_139' title='bbox 234 3467 275 3532; x_wconf 78' lang='lat' dir='ltr'>lit</span> <span class='ocrx_word' id='word_1_140' title='bbox 297 3467 436 3551; x_wconf 88' lang='lat' dir='ltr'>proiecto</span> <span class='ocrx_word' id='word_1_141' title='bbox 462 3484 557 3549; x_wconf 86' lang='lat' dir='ltr'>quam</span> <span class='ocrx_word' id='word_1_142' title='bbox 585 3466 674 3530; x_wconf 90' lang='lat' dir='ltr'>nihili</span> <span class='ocrx_word' id='word_1_143' title='bbox 700 3465 763 3530; x_wconf 89' lang='lat' dir='ltr'>sint</span> <span class='ocrx_word' id='word_1_144' title='bbox 792 3465 870 3528; x_wconf 86' lang='lat' dir='ltr'>haec</span> <span class='ocrx_word' id='word_1_145' title='bbox 894 3464 1037 3542; x_wconf 87' lang='lat' dir='ltr'>nomina,</span> <span class='ocrx_word' id='word_1_146' title='bbox 1068 3482 1163 3546; x_wconf 89' lang='lat' dir='ltr'>quam</span> <span class='ocrx_word' id='word_1_147' title='bbox 1186 3435 1256 3528; x_wconf 39' lang='lat' dir='ltr'>&#39;non</span> <span class='ocrx_word' id='word_1_148' title='bbox 1287 3464 1523 3530; x_wconf 90' lang='lat' dir='ltr'>accommodata</span> <span class='ocrx_word' id='word_1_149' title='bbox 1548 3465 1589 3530; x_wconf 88' lang='lat' dir='ltr'>ad</span> <span class='ocrx_word' id='word_1_150' title='bbox 1616 3465 1851 3532; x_wconf 87' lang='lat' dir='ltr'>describendam</span> <span class='ocrx_word' id='word_1_151' title='bbox 1879 3466 2027 3550; x_wconf 87' lang='lat' dir='ltr'>syntexin</span> 
     </span>
     <span class='ocr_line' id='line_1_14' title="bbox 235 3583 2027 3670; baseline 0.002 -20"><span class='ocrx_word' id='word_1_152' title='bbox 235 3587 415 3670; x_wconf 84' lang='lat' dir='ltr'>linguarum</span> <span class='ocrx_word' id='word_1_153' title='bbox 438 3587 657 3669; x_wconf 85' lang='lat' dir='ltr'>antiquarum,</span> <span class='ocrx_word' id='word_1_154' title='bbox 687 3586 803 3669; x_wconf 91' lang='lat' dir='ltr'>optime</span> <span class='ocrx_word' id='word_1_155' title='bbox 825 3585 959 3668; x_wconf 90' lang='lat' dir='ltr'>perspici</span> <span class='ocrx_word' id='word_1_156' title='bbox 984 3586 1090 3668; x_wconf 87' lang='lat' dir='ltr'>potest</span> <span class='ocrx_word' id='word_1_157' title='bbox 1118 3603 1155 3650; x_wconf 91' lang='lat' dir='ltr'>ex</span> <span class='ocrx_word' id='word_1_158' title='bbox 1170 3583 1338 3656; x_wconf 54' lang='lat' dir='ltr'>,Kuehneri</span> <span class='ocrx_word' id='word_1_159' title='bbox 1359 3602 1491 3666; x_wconf 82' lang='lat' dir='ltr'>gramm.</span> <span class='ocrx_word' id='word_1_160' title='bbox 1518 3587 1573 3650; x_wconf 91' lang='lat' dir='ltr'>lat.</span> <span class='ocrx_word' id='word_1_161' title='bbox 1594 3585 1637 3663; x_wconf 90' lang='grc' dir='ltr'>ΙΙ,</span> <span class='ocrx_word' id='word_1_162' title='bbox 1660 3605 1689 3670; x_wconf 89' lang='lat' dir='ltr'>p.</span> <span class='ocrx_word' id='word_1_163' title='bbox 1713 3587 1785 3664; x_wconf 84' lang='lat'>767,</span> <span class='ocrx_word' id='word_1_164' title='bbox 1808 3587 1862 3670; x_wconf 91' lang='lat' dir='ltr'>qui</span> <span class='ocrx_word' id='word_1_165' title='bbox 1884 3588 2027 3654; x_wconf 75' lang='lat' dir='ltr'>annuta-</span> 
     </span>
     <span class='ocr_line' id='line_1_15' title="bbox 239 3703 2027 3790; baseline 0.003 -20"><span class='ocrx_word' id='word_1_166' title='bbox 239 3706 369 3772; x_wconf 89' lang='lat' dir='ltr'>tiouem:</span> <span class='ocrx_word' id='word_1_167' title='bbox 402 3709 449 3773; x_wconf 91' lang='lat' dir='ltr'>sol</span> <span class='ocrx_word' id='word_1_168' title='bbox 471 3706 578 3785; x_wconf 85' lang='lat' dir='ltr'>efficit,</span> <span class='ocrx_word' id='word_1_169' title='bbox 599 3709 637 3771; x_wconf 91' lang='lat' dir='ltr'>nt</span> <span class='ocrx_word' id='word_1_170' title='bbox 658 3708 783 3772; x_wconf 87' lang='lat' dir='ltr'>arbores</span> <span class='ocrx_word' id='word_1_171' title='bbox 807 3705 946 3782; x_wconf 72' lang='lat' dir='ltr'>floreant,</span> <span class='ocrx_word' id='word_1_172' title='bbox 970 3703 1010 3770; x_wconf 89' lang='lat' dir='ltr'>od</span> <span class='ocrx_word' id='word_1_173' title='bbox 1033 3705 1258 3784; x_wconf 84' lang='lat' dir='ltr'>substantivas,</span> <span class='ocrx_word' id='word_1_174' title='bbox 1280 3704 1368 3770; x_wconf 90' lang='lat' dir='ltr'>illam</span> <span class='ocrx_word' id='word_1_175' title='bbox 1390 3705 1513 3770; x_wconf 88' lang='lat' dir='ltr'>autem:</span> <span class='ocrx_word' id='word_1_176' title='bbox 1543 3705 1634 3771; x_wconf 90' lang='lat' dir='ltr'>edere</span> <span class='ocrx_word' id='word_1_177' title='bbox 1657 3709 1788 3790; x_wconf 87' lang='lat' dir='ltr'>oportet,</span> <span class='ocrx_word' id='word_1_178' title='bbox 1810 3709 1847 3772; x_wconf 93' lang='lat' dir='ltr'>ut</span> <span class='ocrx_word' id='word_1_179' title='bbox 1867 3708 1964 3788; x_wconf 87' lang='lat' dir='ltr'>vivas,</span> <span class='ocrx_word' id='word_1_180' title='bbox 1987 3709 2027 3775; x_wconf 86' lang='lat' dir='ltr'>ad</span> 
     </span>
     <span class='ocr_line' id='line_1_16' title="bbox 238 3825 2026 3913; baseline 0 -17"><span class='ocrx_word' id='word_1_181' title='bbox 238 3826 428 3896; x_wconf 79' lang='lat' dir='ltr'>adverbiales</span> <span class='ocrx_word' id='word_1_182' title='bbox 450 3827 554 3906; x_wconf 86' lang='lat' dir='ltr'>refert,</span> <span class='ocrx_word' id='word_1_183' title='bbox 577 3828 665 3893; x_wconf 89' lang='lat' dir='ltr'>ouius</span> <span class='ocrx_word' id='word_1_184' title='bbox 688 3827 897 3892; x_wconf 73' lang='lat' dir='ltr'>distractionis</span> <span class='ocrx_word' id='word_1_185' title='bbox 920 3829 1026 3892; x_wconf 78' lang='lat' dir='ltr'>temmr</span> <span class='ocrx_word' id='word_1_186' title='bbox 1048 3825 1213 3890; x_wconf 90' lang='lat' dir='ltr'>immemor</span> <span class='ocrx_word' id='word_1_187' title='bbox 1229 3825 1364 3889; x_wconf 85' lang='lat' dir='ltr'>alterum</span> <span class='ocrx_word' id='word_1_188' title='bbox 1386 3843 1486 3907; x_wconf 82' lang='lat' dir='ltr'>genus</span> <span class='ocrx_word' id='word_1_189' title='bbox 1510 3826 1735 3893; x_wconf 89' lang='lat' dir='ltr'>coniunctionis</span> <span class='ocrx_word' id='word_1_190' title='bbox 1756 3827 1802 3904; x_wconf 81' lang='lat' dir='ltr'>ut,</span> <span class='ocrx_word' id='word_1_191' title='bbox 1825 3828 1909 3912; x_wconf 91' lang='lat' dir='ltr'>quod</span> <span class='ocrx_word' id='word_1_192' title='bbox 1930 3847 2026 3913; x_wconf 87' lang='lat' dir='ltr'>posu·</span> 
     </span>
     <span class='ocr_line' id='line_1_17' title="bbox 236 3944 2028 4031; baseline 0.003 -19"><span class='ocrx_word' id='word_1_193' title='bbox 236 3950 312 4026; x_wconf 88' lang='lat' dir='ltr'>erat,</span> <span class='ocrx_word' id='word_1_194' title='bbox 332 3967 404 4026; x_wconf 90' lang='lat' dir='ltr'>non,</span> <span class='ocrx_word' id='word_1_195' title='bbox 426 3946 689 4030; x_wconf 79' lang='lat' dir='ltr'>quemadmodum</span> <span class='ocrx_word' id='word_1_196' title='bbox 711 3947 854 4024; x_wconf 86' lang='lat' dir='ltr'>debebat,</span> <span class='ocrx_word' id='word_1_197' title='bbox 876 3946 959 4012; x_wconf 91' lang='lat' dir='ltr'>inter</span> <span class='ocrx_word' id='word_1_198' title='bbox 980 3945 1180 4023; x_wconf 88' lang='lat' dir='ltr'>adverbiales,</span> <span class='ocrx_word' id='word_1_199' title='bbox 1204 3944 1258 4010; x_wconf 89' lang='lat' dir='ltr'>sed</span> <span class='ocrx_word' id='word_1_200' title='bbox 1276 3965 1306 4028; x_wconf 93' lang='lat' dir='ltr'>p.</span> <span class='ocrx_word' id='word_1_201' title='bbox 1324 3947 1385 4012; x_wconf 87' lang='lat'>819</span> <span class='ocrx_word' id='word_1_202' title='bbox 1408 3946 1518 4011; x_wconf 90' lang='lat' dir='ltr'>statim</span> <span class='ocrx_word' id='word_1_203' title='bbox 1531 3949 1603 4029; x_wconf 90' lang='lat' dir='ltr'>post</span> <span class='ocrx_word' id='word_1_204' title='bbox 1625 3946 1710 4031; x_wconf 89' lang='lat' dir='ltr'>prius</span> <span class='ocrx_word' id='word_1_205' title='bbox 1731 3965 1830 4029; x_wconf 79' lang='lat' dir='ltr'>genus</span> <span class='ocrx_word' id='word_1_206' title='bbox 1851 3948 1934 4016; x_wconf 84' lang='lat' dir='ltr'>inter</span> <span class='ocrx_word' id='word_1_207' title='bbox 1955 3951 2028 4016; x_wconf 90' lang='lat' dir='ltr'>sub·</span> 
     </span>
     <span class='ocr_line' id='line_1_18' title="bbox 236 4066 2026 4152; baseline 0.001 -16"><span class='ocrx_word' id='word_1_208' title='bbox 236 4069 389 4136; x_wconf 84' lang='lat' dir='ltr'>stantivas</span> <span class='ocrx_word' id='word_1_209' title='bbox 411 4069 640 4134; x_wconf 85' lang='lat' dir='ltr'>enuntiationes</span> <span class='ocrx_word' id='word_1_210' title='bbox 662 4071 812 4134; x_wconf 85' lang='lat' dir='ltr'>recenset</span> <span class='ocrx_word' id='word_1_211' title='bbox 855 4067 959 4132; x_wconf 79' lang='lat' dir='ltr'>Etiam</span> <span class='ocrx_word' id='word_1_212' title='bbox 979 4067 1157 4149; x_wconf 83' lang='lat' dir='ltr'>Draegerns</span> <span class='ocrx_word' id='word_1_213' title='bbox 1187 4066 1219 4129; x_wconf 94' lang='lat' dir='ltr'>in</span> <span class='ocrx_word' id='word_1_214' title='bbox 1247 4066 1370 4149; x_wconf 80' lang='lat' dir='ltr'>syntaxi</span> <span class='ocrx_word' id='word_1_215' title='bbox 1394 4066 1543 4152; x_wconf 81' lang='lat' dir='ltr'>historica</span> <span class='ocrx_word' id='word_1_216' title='bbox 1564 4067 1688 4148; x_wconf 83' lang='lat' dir='ltr'>linguae</span> <span class='ocrx_word' id='word_1_217' title='bbox 1710 4068 1826 4134; x_wconf 89' lang='lat' dir='ltr'>latinae</span> <span class='ocrx_word' id='word_1_218' title='bbox 1848 4071 2026 4138; x_wconf 88' lang='lat' dir='ltr'>nominibus</span> 
     </span>
     <span class='ocr_line' id='line_1_19' title="bbox 234 4189 564 4256; baseline -0.012 0"><span class='ocrx_word' id='word_1_219' title='bbox 234 4189 298 4256; x_wconf 90' lang='lat' dir='ltr'>illis</span> <span class='ocrx_word' id='word_1_220' title='bbox 320 4208 383 4256; x_wconf 89' lang='lat' dir='ltr'>non</span> <span class='ocrx_word' id='word_1_221' title='bbox 402 4190 564 4254; x_wconf 90' lang='lat' dir='ltr'>abstinuit.</span> 
     </span>
    </p>

    <p class='ocr_par' dir='ltr' id='par_1_4' title="bbox 238 4305 2028 5122">
     <span class='ocr_line' id='line_1_20' title="bbox 321 4305 2027 4392; baseline 0.004 -20"><span class='ocrx_word' id='word_1_222' title='bbox 321 4309 520 4387; x_wconf 85' lang='lat' dir='ltr'>Kuebnastii,</span> <span class='ocrx_word' id='word_1_223' title='bbox 552 4309 708 4392; x_wconf 83' lang='lat' dir='ltr'>adquam</span> <span class='ocrx_word' id='word_1_224' title='bbox 735 4327 818 4372; x_wconf 89' lang='lat' dir='ltr'>nuuc</span> <span class='ocrx_word' id='word_1_225' title='bbox 847 4327 898 4372; x_wconf 91' lang='lat' dir='ltr'>me</span> <span class='ocrx_word' id='word_1_226' title='bbox 929 4309 1085 4385; x_wconf 91' lang='lat' dir='ltr'>converto,</span> <span class='ocrx_word' id='word_1_227' title='bbox 1113 4307 1145 4370; x_wconf 94' lang='lat' dir='ltr'>in</span> <span class='ocrx_word' id='word_1_228' title='bbox 1168 4305 1393 4372; x_wconf 87' lang='lat' dir='ltr'>conscribenda</span> <span class='ocrx_word' id='word_1_229' title='bbox 1421 4307 1546 4390; x_wconf 85' lang='lat' dir='ltr'>syntaxi</span> <span class='ocrx_word' id='word_1_230' title='bbox 1573 4307 1702 4374; x_wconf 85' lang='lat' dir='ltr'>Liviana</span> <span class='ocrx_word' id='word_1_231' title='bbox 1722 4327 1786 4374; x_wconf 89' lang='lat' dir='ltr'>non</span> <span class='ocrx_word' id='word_1_232' title='bbox 1806 4309 1840 4374; x_wconf 96' lang='lat' dir='ltr'>id</span> <span class='ocrx_word' id='word_1_233' title='bbox 1863 4312 1931 4377; x_wconf 89' lang='lat' dir='ltr'>erat</span> <span class='ocrx_word' id='word_1_234' title='bbox 1952 4331 2027 4378; x_wconf 92' lang='lat' dir='ltr'>oon·</span> 
     </span>
     <span class='ocr_line' id='line_1_21' title="bbox 238 4425 2027 4514; baseline 0.003 -22"><span class='ocrx_word' id='word_1_235' title='bbox 238 4429 350 4508; x_wconf 88' lang='lat' dir='ltr'>silium,</span> <span class='ocrx_word' id='word_1_236' title='bbox 372 4431 409 4494; x_wconf 92' lang='lat' dir='ltr'>ut</span> <span class='ocrx_word' id='word_1_237' title='bbox 430 4431 532 4496; x_wconf 90' lang='lat' dir='ltr'>solum</span> <span class='ocrx_word' id='word_1_238' title='bbox 553 4429 677 4494; x_wconf 83' lang='lat' dir='ltr'>Livium</span> <span class='ocrx_word' id='word_1_239' title='bbox 698 4428 857 4505; x_wconf 79' lang='lat' dir='ltr'>tractaret,</span> <span class='ocrx_word' id='word_1_240' title='bbox 881 4425 936 4491; x_wconf 89' lang='lat' dir='ltr'>sed</span> <span class='ocrx_word' id='word_1_241' title='bbox 957 4428 993 4490; x_wconf 94' lang='lat' dir='ltr'>ut</span> <span class='ocrx_word' id='word_1_242' title='bbox 1019 4427 1053 4492; x_wconf 92' lang='lat' dir='ltr'>in</span> <span class='ocrx_word' id='word_1_243' title='bbox 1088 4427 1232 4493; x_wconf 90' lang='lat' dir='ltr'>omnibus</span> <span class='ocrx_word' id='word_1_244' title='bbox 1265 4427 1342 4492; x_wconf 90' lang='lat' dir='ltr'>locis</span> <span class='ocrx_word' id='word_1_245' title='bbox 1378 4428 1560 4510; x_wconf 84' lang='lat' dir='ltr'>syntecticis</span> <span class='ocrx_word' id='word_1_246' title='bbox 1593 4429 1660 4495; x_wconf 91' lang='lat' dir='ltr'>eius</span> <span class='ocrx_word' id='word_1_247' title='bbox 1684 4429 1808 4496; x_wconf 92' lang='lat' dir='ltr'>dicendi</span> <span class='ocrx_word' id='word_1_248' title='bbox 1830 4448 1930 4514; x_wconf 82' lang='lat' dir='ltr'>genus</span> <span class='ocrx_word' id='word_1_249' title='bbox 1952 4451 2027 4499; x_wconf 92' lang='lat' dir='ltr'>cum</span> 
     </span>
     <span class='ocr_line' id='line_1_22' title="bbox 239 4546 2028 4636; baseline 0.004 -23"><span class='ocrx_word' id='word_1_250' title='bbox 239 4549 371 4616; x_wconf 88' lang='lat' dir='ltr'>aliorum</span> <span class='ocrx_word' id='word_1_251' title='bbox 397 4552 586 4634; x_wconf 90' lang='lat' dir='ltr'>scriptorum</span> <span class='ocrx_word' id='word_1_252' title='bbox 616 4549 819 4632; x_wconf 86' lang='lat' dir='ltr'>compararet,</span> <span class='ocrx_word' id='word_1_253' title='bbox 852 4565 914 4631; x_wconf 92' lang='lat' dir='ltr'>quo</span> <span class='ocrx_word' id='word_1_254' title='bbox 936 4546 1056 4612; x_wconf 85' lang='lat' dir='ltr'>factum</span> <span class='ocrx_word' id='word_1_255' title='bbox 1079 4549 1135 4625; x_wconf 88' lang='lat' dir='ltr'>est,</span> <span class='ocrx_word' id='word_1_256' title='bbox 1163 4550 1209 4625; x_wconf 92' lang='lat' dir='ltr'>ut,</span> <span class='ocrx_word' id='word_1_257' title='bbox 1239 4567 1312 4613; x_wconf 91' lang='lat' dir='ltr'>oum</span> <span class='ocrx_word' id='word_1_258' title='bbox 1340 4549 1458 4614; x_wconf 89' lang='lat' dir='ltr'>multas</span> <span class='ocrx_word' id='word_1_259' title='bbox 1488 4549 1584 4614; x_wconf 87' lang='lat' dir='ltr'>etiarn</span> <span class='ocrx_word' id='word_1_260' title='bbox 1615 4551 1817 4634; x_wconf 88' lang='lat' dir='ltr'>parentheses</span> <span class='ocrx_word' id='word_1_261' title='bbox 1844 4552 2028 4636; x_wconf 86' lang='lat' dir='ltr'>expositioni</span> 
     </span>
     <span class='ocr_line' id='line_1_23' title="bbox 239 4667 2027 4758; baseline 0.004 -24"><span class='ocrx_word' id='word_1_262' title='bbox 239 4687 313 4735; x_wconf 86' lang='lat' dir='ltr'>suae</span> <span class='ocrx_word' id='word_1_263' title='bbox 334 4671 510 4748; x_wconf 88' lang='lat' dir='ltr'>inseruerit,</span> <span class='ocrx_word' id='word_1_264' title='bbox 533 4689 625 4753; x_wconf 88' lang='lat' dir='ltr'>saepo</span> <span class='ocrx_word' id='word_1_265' title='bbox 648 4688 727 4752; x_wconf 89' lang='lat' dir='ltr'>quae</span> <span class='ocrx_word' id='word_1_266' title='bbox 751 4669 904 4735; x_wconf 79' lang='lat' dir='ltr'>sermonis</span> <span class='ocrx_word' id='word_1_267' title='bbox 918 4667 1041 4732; x_wconf 83' lang='lat' dir='ltr'>Liviani</span> <span class='ocrx_word' id='word_1_268' title='bbox 1055 4668 1181 4751; x_wconf 86' lang='lat' dir='ltr'>propria</span> <span class='ocrx_word' id='word_1_269' title='bbox 1203 4667 1276 4746; x_wconf 91' lang='lat' dir='ltr'>sint,</span> <span class='ocrx_word' id='word_1_270' title='bbox 1290 4685 1354 4734; x_wconf 91' lang='lat' dir='ltr'>non</span> <span class='ocrx_word' id='word_1_271' title='bbox 1369 4688 1431 4734; x_wconf 91' lang='lat' dir='ltr'>uno</span> <span class='ocrx_word' id='word_1_272' title='bbox 1453 4669 1615 4735; x_wconf 88' lang='lat' dir='ltr'>oculorum</span> <span class='ocrx_word' id='word_1_273' title='bbox 1629 4671 1743 4737; x_wconf 90' lang='lat' dir='ltr'>obtutu</span> <span class='ocrx_word' id='word_1_274' title='bbox 1763 4671 1898 4756; x_wconf 88' lang='lat' dir='ltr'>perspici</span> <span class='ocrx_word' id='word_1_275' title='bbox 1919 4675 2027 4758; x_wconf 82' lang='lat' dir='ltr'>possit.</span> 
     </span>
     <span class='ocr_line' id='line_1_24' title="bbox 238 4787 2028 4877; baseline 0.004 -23"><span class='ocrx_word' id='word_1_276' title='bbox 238 4788 277 4854; x_wconf 87' lang='lat' dir='ltr'>In</span> <span class='ocrx_word' id='word_1_277' title='bbox 298 4789 509 4858; x_wconf 89' lang='lat' dir='ltr'>describendis</span> <span class='ocrx_word' id='word_1_278' title='bbox 531 4791 664 4872; x_wconf 84' lang='lat' dir='ltr'>singulis</span> <span class='ocrx_word' id='word_1_279' title='bbox 687 4789 842 4874; x_wconf 87' lang='lat' dir='ltr'>capitibus</span> <span class='ocrx_word' id='word_1_280' title='bbox 864 4788 1007 4872; x_wconf 87' lang='lat' dir='ltr'>syntaxis</span> <span class='ocrx_word' id='word_1_281' title='bbox 1029 4787 1190 4853; x_wconf 89' lang='lat' dir='ltr'>meliorem</span> <span class='ocrx_word' id='word_1_282' title='bbox 1206 4787 1347 4854; x_wconf 90' lang='lat' dir='ltr'>ordinem</span> <span class='ocrx_word' id='word_1_283' title='bbox 1362 4791 1489 4856; x_wconf 90' lang='lat' dir='ltr'>secutus</span> <span class='ocrx_word' id='word_1_284' title='bbox 1505 4792 1553 4856; x_wconf 92' lang='lat' dir='ltr'>est</span> <span class='ocrx_word' id='word_1_285' title='bbox 1568 4809 1664 4875; x_wconf 88' lang='lat' dir='ltr'>quam</span> <span class='ocrx_word' id='word_1_286' title='bbox 1685 4791 1746 4870; x_wconf 87' lang='lat' dir='ltr'>alii,</span> <span class='ocrx_word' id='word_1_287' title='bbox 1769 4796 1898 4877; x_wconf 88' lang='lat' dir='ltr'>excepto</span> <span class='ocrx_word' id='word_1_288' title='bbox 1919 4796 2028 4861; x_wconf 86' lang='lat' dir='ltr'>tamen</span> 
     </span>
     <span class='ocr_line' id='line_1_25' title="bbox 238 4907 2025 4996; baseline 0.004 -22"><span class='ocrx_word' id='word_1_289' title='bbox 238 4911 340 4994; x_wconf 87' lang='lat' dir='ltr'>capite</span> <span class='ocrx_word' id='word_1_290' title='bbox 362 4912 478 4996; x_wconf 92' lang='lat' dir='ltr'>primo,</span> <span class='ocrx_word' id='word_1_291' title='bbox 509 4909 591 4994; x_wconf 87' lang='lat' dir='ltr'>quod</span> <span class='ocrx_word' id='word_1_292' title='bbox 623 4910 840 4994; x_wconf 87' lang='lat' dir='ltr'>complectitur</span> <span class='ocrx_word' id='word_1_293' title='bbox 870 4907 1016 4991; x_wconf 89' lang='lat' dir='ltr'>syntaxin</span> <span class='ocrx_word' id='word_1_294' title='bbox 1046 4907 1284 4974; x_wconf 87' lang='lat' dir='ltr'>concordantiae</span> <span class='ocrx_word' id='word_1_295' title='bbox 1316 4910 1348 4974; x_wconf 91' lang='lat' dir='ltr'>ct</span> <span class='ocrx_word' id='word_1_296' title='bbox 1377 4910 1455 4989; x_wconf 90' lang='lat' dir='ltr'>alia,</span> <span class='ocrx_word' id='word_1_297' title='bbox 1490 4929 1570 4994; x_wconf 89' lang='lat' dir='ltr'>quae</span> <span class='ocrx_word' id='word_1_298' title='bbox 1600 4911 1667 4978; x_wconf 89' lang='lat' dir='ltr'>eius</span> <span class='ocrx_word' id='word_1_299' title='bbox 1690 4913 1765 4978; x_wconf 87' lang='lat' dir='ltr'>sunt</span> <span class='ocrx_word' id='word_1_300' title='bbox 1786 4911 1905 4994; x_wconf 84' lang='lat' dir='ltr'>affinia,</span> <span class='ocrx_word' id='word_1_301' title='bbox 1936 4914 2025 4983; x_wconf 85' lang='lat' dir='ltr'>cuius</span> 
     </span>
     <span class='ocr_line' id='line_1_26' title="bbox 238 5028 2027 5122; baseline 0.004 -26"><span class='ocrx_word' id='word_1_302' title='bbox 238 5031 349 5115; x_wconf 90' lang='lat' dir='ltr'>capitis</span> <span class='ocrx_word' id='word_1_303' title='bbox 371 5031 511 5114; x_wconf 83' lang='lat' dir='ltr'>singulas</span> <span class='ocrx_word' id='word_1_304' title='bbox 535 5033 638 5115; x_wconf 88' lang='lat' dir='ltr'>partes</span> <span class='ocrx_word' id='word_1_305' title='bbox 660 5049 743 5098; x_wconf 91' lang='lat' dir='ltr'>nuno</span> <span class='ocrx_word' id='word_1_306' title='bbox 765 5030 858 5115; x_wconf 92' lang='lat' dir='ltr'>paulo</span> <span class='ocrx_word' id='word_1_307' title='bbox 881 5028 1056 5122; x_wconf 84' lang='lat' dir='ltr'>accuratius</span> <span class='ocrx_word' id='word_1_308' title='bbox 1078 5029 1269 5113; x_wconf 87' lang='lat' dir='ltr'>perlustrare</span> <span class='ocrx_word' id='word_1_309' title='bbox 1292 5031 1403 5114; x_wconf 88' lang='lat' dir='ltr'>placet</span> <span class='ocrx_word' id='word_1_310' title='bbox 1446 5031 1591 5098; x_wconf 91' lang='lat' dir='ltr'>Primum</span> <span class='ocrx_word' id='word_1_311' title='bbox 1613 5051 1686 5099; x_wconf 91' lang='lat' dir='ltr'>eum</span> <span class='ocrx_word' id='word_1_312' title='bbox 1700 5052 1794 5100; x_wconf 90' lang='lat' dir='ltr'>usum</span> <span class='ocrx_word' id='word_1_313' title='bbox 1809 5036 1944 5120; x_wconf 88' lang='lat' dir='ltr'>exponit,</span> <span class='ocrx_word' id='word_1_314' title='bbox 1966 5055 2027 5122; x_wconf 90' lang='lat' dir='ltr'>quo</span> 
     </span>
    </p>
   </div>
   <div class='ocr_carea' id='block_1_4' title="bbox 238 5148 2030 5327">
    <p class='ocr_par' dir='ltr' id='par_1_5' title="bbox 238 5148 2030 5327">
     <span class='ocr_line' id='line_1_27' title="bbox 238 5148 2030 5240; baseline 0.004 -23"><span class='ocrx_word' id='word_1_315' title='bbox 238 5151 390 5220; x_wconf 89' lang='lat' dir='ltr'>adiectiva</span> <span class='ocrx_word' id='word_1_316' title='bbox 412 5170 469 5236; x_wconf 92' lang='lat' dir='ltr'>pro</span> <span class='ocrx_word' id='word_1_317' title='bbox 491 5153 696 5218; x_wconf 88' lang='lat' dir='ltr'>substantivis</span> <span class='ocrx_word' id='word_1_318' title='bbox 718 5155 912 5238; x_wconf 85' lang='lat' dir='ltr'>usurpentur</span> <span class='ocrx_word' id='word_1_319' title='bbox 933 5148 977 5236; x_wconf 84' lang='lat' dir='ltr'>(p.</span> <span class='ocrx_word' id='word_1_320' title='bbox 1000 5148 1149 5234; x_wconf 79' lang='lat'>45-47),</span> <span class='ocrx_word' id='word_1_321' title='bbox 1180 5151 1230 5217; x_wconf 90' lang='lat' dir='ltr'>cui</span> <span class='ocrx_word' id='word_1_322' title='bbox 1251 5152 1323 5218; x_wconf 84' lang='lat' dir='ltr'>usu·</span> <span class='ocrx_word' id='word_1_323' title='bbox 1346 5152 1450 5218; x_wconf 85' lang='lat' dir='ltr'>adnot</span> <span class='ocrx_word' id='word_1_324' title='bbox 1474 5155 1516 5220; x_wconf 81' lang='lat'>24</span> <span class='ocrx_word' id='word_1_325' title='bbox 1539 5153 1629 5238; x_wconf 90' lang='lat' dir='ltr'>quasi</span> <span class='ocrx_word' id='word_1_326' title='bbox 1649 5154 1840 5240; x_wconf 88' lang='lat' dir='ltr'>praeteriens</span> <span class='ocrx_word' id='word_1_327' title='bbox 1863 5155 2030 5225; x_wconf 82' lang='lat' dir='ltr'>admiscuit</span> 
     </span>
     <span class='ocr_line' id='line_1_28' title="bbox 1878 5279 1891 5327; baseline 0 0"><span class='ocrx_word' id='word_1_328' title='bbox 1878 5279 1891 5327; x_wconf 88' lang='lat'>1</span> 
     </span>
    </p>
   </div>
   <div class='ocr_carea' id='block_1_5' title="bbox 0 0 2374 5828">
    <p class='ocr_par' dir='ltr' id='par_1_6' title="bbox 0 0 2374 5828">
     <span class='ocr_line' id='line_1_29' title="bbox 0 0 2374 5828; baseline 0 0"><span class='ocrx_word' id='word_1_329' title='bbox 0 0 2374 5828; x_wconf 95' lang='lat' dir='ltr'> </span> 
     </span>
    </p>
   </div>
  </div>
 </body>
</html>
