4740 5832
1229 503 1271 564 ab

1171 585 1326 596 —.—.

351 724 378 802 s)
401 721 671 786 Drakenborchics
699 721 738 784 ad
767 719 911 797 XXXVI,
935 721 986 797 21,
1009 723 1029 784 3
1053 719 1139 801 (5551
1163 740 1345 802 paucosque
1375 721 1459 806 dies)
1489 704 1567 788 hacc
1595 725 1704 788 habet:
1728 725 1854 801 „Livius
1886 725 2063 790 encliticam
2085 746 2145 806 que

351 841 567 906 indifferentur
587 859 671 904 nunc
693 839 726 904 in
749 840 837 904 initio
860 840 1010 904 orationis
1032 841 1093 924 ipsi
1116 843 1345 925 praepositioni,
1373 863 1458 908 nunc
1479 845 1548 908 voci
1575 845 1741 926 proximae,
1772 863 1852 924 quaa
1882 847 2145 928 praepositionem

351 961 500 1044 sequitur,
523 960 710 1024 subiunxit“.
755 960 913 1042 Exemplis
936 959 1017 1024 banc
1039 960 1071 1024 in
1094 980 1160 1025 rem
1176 981 1195 1026 a
1210 963 1304 1027 Dralr.
1321 964 1426 1028 allatis
1448 963 1626 1045 quindecim
1647 963 1756 1040 habeo,
1780 982 1859 1045 quae
1882 965 1995 1032 addere
2018 966 2144 1048 possim.

436 1095 550 1176 Atque,
573 1113 611 1156 oc
633 1095 903 1160 coniunctionibus
927 1093 959 1178 a)
983 1098 1155 1162 secundum
1180 1097 1341 1164 Handium
1374 1101 1406 1163 in
1433 1099 1607 1164 Iurscllino
1628 1099 1654 1177 I,
1677 1118 1706 1181 p.
1730 1101 1792 1164 458
1814 1103 1957 1167 notiones
1988 1105 2021 1166 at
2047 1120 2146 1166 enun-

350 1217 497 1282 tiationes
520 1217 600 1280 duae
623 1215 745 1296 aequali
768 1215 948 1280 condicione
972 1217 1018 1280 lta
1041 1221 1282 1300 componuntnr,
1313 1222 1348 1282 ut
1369 1220 1533 1300 utriusque
1557 1218 1694 1300 aequalis
1717 1219 1855 1299 dignitas
1878 1221 2080 1304 exprimatur,
2108 1223 2145 1284 ut

352 1338 395 1421 (p.
419 1332 495 1416 459)
518 1335 668 1400 duceres
692 1335 942 1417 aequiparentur.
987 1336 1088 1413 1))55,
1111 1337 1206 1415 atque
1228 1337 1399 1420 particulae
1423 1337 1574 1401 definiunt
1595 1357 1663 1402 rem
1687 1340 1863 1404 accuratius
1879 1340 1934 1416 (ε
1949 1341 2143 1422 etquidem).

351 1455 381 1537 o)
404 1455 607 1536 Ocninngunt
628 1455 687 1519 hae
709 1454 882 1538 particulae
905 1454 1097 1536 singularem
1127 1457 1286 1520 notionem
1317 1476 1389 1521 cum
1419 1457 1564 1538 generali.
1617 1458 1649 1534 d)
1678 1459 1781 1537 atque,
1813 1475 1851 1518 ac
1882 1459 2145 1540 significationem

308 1623 312 1628 =
352 1577 415 1641 fere
448 1575 569 1640 habent
601 1575 771 1658 particulae
805 1573 1025 1640 adversativae.
1081 1574 1110 1653 e)
1140 1577 1235 1654 etque
1256 1603 1300 1629 =
1322 1576 1438 1640 statIm.
1493 1575 1518 1653 l)
1543 1578 1640 1656 atque
1669 1611 1710 1622 -
1739 1575 1874 1656 quidem.
1932 1575 1966 1660 g)
1998 1597 2036 1640 ac
2068 1597 2143 1640 555.

351 1693 387 1779 h)
411 1695 544 1760 Variant
565 1694 646 1758 inter
669 1713 701 1760 sc
723 1711 761 1754 ac
783 1698 815 1758 et
836 1695 903 1757 aut.
947 1693 970 1771 i)
991 1695 1087 1772 51555
1108 1693 1204 1755 ctiam
1226 1695 1282 1772 III,
1298 1695 1349 1772 46,
1365 1697 1401 1770 9;
1423 1693 1534 1771 XLIV,
1552 1667 1646 1772 22,’8.
1668 1698 1763 1776 atque
1784 1695 1862 1759 odeo
1879 1695 1975 1759 etium
1995 1699 2144 1775 X,5,14.

351 1815 385 1894 1)
408 1815 572 1880 Ponuntur
594 1814 652 1878 lrae
673 1813 845 1896 particulae
868 1814 900 1877 in
924 1813 1211 1896 comparationibus
1242 1817 1274 1878 et
1302 1814 1500 1896 aequalitatis
1531 1816 1564 1878 et
1594 1814 1783 1880 diversitatis
1814 1835 1850 1880 ao
1872 1816 2143 1882 dissimilitudinis.

273 2005 274 2008 ,
352 1933 378 2016 Ι)
400 1953 438 1996 ac
460 1935 486 1998 si
509 1934 617 2016 exiguo
641 1933 802 1998 intervallo
824 1933 872 1997 bis
895 1934 944 1998 vel
967 1934 1016 1996 ter
1045 1933 1181 2016 ponitur,
1212 1953 1277 1998 non
1307 1953 1429 2018 semper
1457 1935 1516 1998 hoc
1543 1933 1588 1997 ita
1609 1935 1655 2012 nt,
1686 1938 1724 2000 ut
1752 1936 1923 2018 particulae
1953 1937 2013 2001 sibi
2034 1941 2144 2001 mutuo

353 2055 570 2138 respondeant.
614 2053 659 2130 m)
681 2054 776 2132 atquc
798 2049 867 2134 (oc)
890 2052 1033 2133 sequitur
1064 2054 1094 2113 et
1126 2052 1280 2135 particula
1312 2047 1348 2114 ἐκ
1371 2044 1589 2135 παραλλήλου
1612 2055 1716 2136 posita
1738 2053 1885 2131 XXVIII,
1909 2057 1937 2133 5,
1962 2057 2011 2135 16,
2034 2057 2146 2121 itidem

330 2175 454 2260 XXII,
477 2175 505 2238 3.
529 2175 557 2236 3.
601 2172 672 2236 Alia
693 2173 774 2236 ratio
797 2174 846 2236 est
867 2172 908 2236 ib.
932 2172 950 2252 5
973 2173 1002 2234 2.
1047 2171 1080 2250 5)
1103 2175 1293 2256 respondent
1316 2173 1376 2237 sibi
1398 2175 1508 2236 mutuo
1532 2172 1593 2236 duc
1619 2173 1760 2238 membra
1789 2192 1845 2255 per
1866 2191 1904 2235 oe
1926 2180 1959 2240 et
1980 2193 2040 2255 que
2062 2176 2145 2242 alata

352 2293 465 2370 XXXI,
488 2293 539 2370 27,
562 2295 591 2356 3.
869 2307 871 2314 ’

439 2427 551 2490 Etcum
578 2427 609 2506 a)
632 2428 827 2510 significatio.
879 2427 912 2506 b)
935 2447 1008 2493 cnm
1036 2429 1245 2513 comparativo
1277 2430 1489 2493 coniunctum.
1534 2427 1564 2508 c)
1593 2445 1662 2489 eom
1685 2464 1725 2473 —
1749 2430 1815 2490 tuac
1846 2428 1951 2492 etiam.
1994 2431 2029 2510 d)
2051 2430 2147 2493 etiem

354 2551 391 2616 de
415 2555 564 2631 tempore.
609 2545 639 2627 e)
661 2547 902 2614 ConlunotIcnes
932 2567 996 2611 non
1024 2547 1121 2623 niodo,
1152 2567 1217 2612 non
1246 2545 1355 2622 soloin,
1385 2566 1449 2608 noc
1478 2549 1604 2608 tontum
1635 2549 1776 2630 sequitur
1797 2547 1852 2610 aad
1872 2549 1976 2612 ctiam.
2022 2515 2146 2617 Omissa

354 2667 408 2732 ced
438 2669 540 2734 solnm
571 2666 666 2728 elicio
697 2669 834 2750 positum
869 2671 917 2732 est
949 2667 1064 2746 XXIV,
1100 2671 1149 2746 42,
1174 2669 1213 2731 12
1237 2683 1282 2749 sq.
1339 2665 1507 2731 Nonnullis
1537 2667 1614 2732 locis
1645 2665 1741 2730 etium
1770 2669 1937 2752 praecedit.
1994 2670 2021 2748 f)
2044 2669 2146 2732 :elic-m

353 2792 447 2869 atque
469 2787 571 2850 atione.

443 2923 569 3004 Quoque
591 2925 621 3003 5)
644 2925 838 3007 significatio.
883 2925 916 3005 b)
938 2921 1028 2987 hodie
1050 2943 1178 3005 quoque.
1224 2925 1254 3001 c)
1276 2922 1344 3002 epse
1366 2939 1494 3003 qaoque.
1539 2922 1572 3002 d)
1593 2939 1714 3002 quoque
1741 2923 1833 2985 enim.
1878 2927 1907 3005 e)
1929 2943 2047 3006 quoque
2069 2944 2142 2989 ccu-

356 3047 498 3111 iunctum
520 3064 593 3108 oum
615 3045 828 3109 enuntIatIone
850 3049 996 3127 negante.
1041 3043 1226 3126 NegatIonis
1248 3045 1349 3107 instar
1371 3047 1420 3108 est
1442 3043 1625 3107 adverbium
1646 3061 1738 3122 capre
1760 3043 1874 3122 XLIII,
1897 3047 1948 3122 21,
1972 3046 2000 3109 7.
2033 3043 2146 3122 1)(555

354 3163 452 3239 orado,
475 3181 539 3226 oon
561 3161 670 3236 solam,
693 3181 757 3224 aon
788 3166 922 3240 tontum,
952 3162 1006 3226 sed
1034 3183 1162 3243 quoque,
1198 3181 1423 3245 nonnunquam
1451 3163 1558 3227 ordine
1575 3162 1719 3239 inverso,
1752 3163 1790 3226 ut
1818 3181 1938 3242 quoque
1968 3164 2145 3247 praecedat.

357 3285 390 3368 g)
412 3302 533 3364 qaoque
555 3284 638 3366 apud
660 3283 781 3347 Livium
804 3301 1029 3365 nonnunquam
1052 3285 1228 3348 liberiorem
1250 3283 1347 3347 babet
1370 3281 1615 3347 collocationem.

443 3402 683 3468 Coniunctiones
706 3403 928 3469 adversativae.
972 3401 1043 3477 Ast,
1066 3404 1102 3464 ot
1124 3403 1154 3482 a)
1177 3404 1306 3488 opponit
1327 3421 1395 3467 rem
1417 3402 1480 3466 sice
1503 3401 1692 3466 sententiam
1708 3400 1862 3466 diversam
1879 3403 1925 3466 val
1947 3383 2144 3466 contrariam.

356 3525 390 3603 b)
412 3522 615 3588 coniunctum
645 3540 717 3585 eum
746 3521 980 3602 pronominibus
1011 3522 1236 3607 personalibus.
1297 3523 1325 3600 c)
1356 3522 1483 3607 ponitur
1513 3521 1547 3584 in
1574 3520 1703 3603 apodcsi
1730 3521 1979 3585 enuntiationum
2009 3521 2144 3584 maxime

358 3641 625 3708 condicionalium.
663 3641 695 3720 d)
710 3641 836 3722 ponitur
857 3642 890 3706 in
913 3642 1014 3724 figure
1030 3643 1313 3723 rhetoricanquam
1328 3641 1434 3706 Latini
1449 3639 1671 3723 occupationis,
1688 3639 1797 3705 Graeci
1820 3633 1998 3725 ὑποφορᾶς
2019 3639 2145 3704 nomine

358 3761 546 3844 significant,
570 3781 596 3824 v.
619 3759 722 3824 Hand.
746 3759 836 3826 Tura.
859 3761 884 3835 Ι,
907 3782 936 3846 p.
960 3763 1022 3825 433
1046 3780 1111 3843 sqq.
1157 3759 1357 3839 (5515555.

444 3911 506 3976 Sed
535 3914 565 3992 a)
593 3913 689 3978 habet
718 3913 782 3976 vim
815 3913 996 3979 secludendi
1029 3917 1062 3979 et
1095 3915 1282 3992 secernendi,
1313 3935 1341 3978 v.
1365 3913 1469 3978 Hand.
1493 3912 1624 3979 Tursell.
1656 3911 1681 3990 l,
1714 3934 1744 3996 p.
1768 3914 1839 3976 425.
1890 3914 1923 3992 b)
1952 3911 2008 3975 sed
2034 3915 2147 3975 temen.

359 4038 387 4116 c)
409 4032 465 4096 sed
485 4034 664 4116 repetitum.
709 4032 740 4105 d)
765 4033 803 4098 de
831 4051 905 4108 non,
938 4052 1002 4096 non
1034 4031 1142 4108 solooc,
1171 4052 1235 4096 noo
1265 4036 1399 4107 tontum,
1433 4051 1497 4096 noa
1527 4030 1615 4096 modo
1643 4030 1739 4112 (non)
1770 4034 1972 4113 sequentibus
2002 4031 2065 4108 sed,
2095 4029 2150 4094 sed

360 4153 464 4229 etiam,
487 4151 541 4215 sed
561 4169 690 4230 paceque,
712 4150 768 4213 sed
787 4171 827 4214 ne
848 4151 973 4232 quidem
995 4153 1063 4218 vide
1087 4173 1200 4236 supra..

444 4305 930 4372 0551555115555(1155555555.
981 4309 1039 4369 out
1062 4306 1093 4390 5)
1116 4309 1174 4368 out
1197 4343 1238 4352 -
1260 4309 1327 4368 ont.
1372 4308 1486 4386 1))551
1509 4342 1550 4352 -
1573 4307 1631 4368 ont
1661 4307 1775 4370 dicitur
1804 4307 1899 4369 etiam
1930 4306 1962 4369 in
1993 4306 2150 4371 sententia
2218 4373 2219 4378 ,

358 4427 503 4508 negante,
527 4427 590 4500 aut,
615 4426 696 4506 quod
727 4425 836 4490 eodem
867 4428 1011 4510 pertinet,
1045 4427 1077 4492 in
1108 4427 1351 4508 interrogatione
1383 4428 1432 4490 val
1463 4429 1536 4507 post
1565 4443 1660 4505 qoam
1689 4426 1893 4508 praecedente
1926 4426 2148 4506 comparativo.

360 4547 389 4624 c)
412 4543 497 4623 Quae
521 4549 570 4608 est
593 4563 692 4626 acqua
713 4547 792 4608 ratio
823 4565 926 4610 rerum
956 4547 1185 4611 disiunctamm
1215 4547 1248 4609 in
1272 4547 1388 4629 duplici
1410 4548 1477 4620 aot,
1510 4565 1547 4610 ea
1569 4546 1676 4626 iniqua
1698 4547 1755 4622 est,
1783 4544 1880 4608 semel
1903 4543 1929 4608 si
1953 4544 2088 4626 ponitur,
2117 4547 2150 4608 et

360 4683 431 4730 cum
453 4664 486 4727 in
516 4664 644 4729 alterius
672 4665 776 4728 locum
807 4667 940 4730 alterum
971 4665 1188 4743 substituatur,
1222 4668 1326 4749 potest
1355 4666 1432 4729 illud
1462 4666 1566 4748 ipsum
1596 4682 1651 4746 pro
1681 4662 1827 4747 primario
1855 4663 1971 4742 haberi,
2007 4663 2089 4726 unde
2112 4663 2151 4728 fit

358 4785 540 4868 plerumque
564 4782 732 4848 descensus
755 4803 773 4848 a
794 4785 912 4850 maiore
935 4785 974 4849 ad
992 4785 1106 4862 miuus,
1129 4785 1175 4848 ita
1196 4787 1233 4847 ut
1255 4785 1386 4868 simplex
1400 4785 1460 4845 aot
1481 4783 1745 4864 significationem
1767 4782 1967 4848 nanciscatur
1980 4783 2039 4842 nat
2053 4781 2150 4844 etaiam

359 4901 400 4986 (v.
422 4903 524 4967 Hand.
547 4903 570 4980 I,
592 4921 621 4984 p.
645 4903 729 4985 535).
775 4904 808 4982 d)
830 4907 889 4966 out
907 4929 951 4958 =
972 4905 1118 4990 alioquin.
1163 4904 1192 4982 e)
1213 4905 1272 4964 col
1294 4905 1343 4968 est
1365 4901 1548 4983 corrigentis
1578 4905 1611 4965 et
1632 4919 1698 4964 rem
1727 4903 1866 4967 exactius
1896 4901 2083 4980 definientis,
2105 4927 2148 4957 ==

360 5025 416 5086 ant
437 5023 550 5104 potius.
594 5022 620 5100 1)
643 5021 778 5106 Simplex
799 5026 857 5084 aar
879 5025 1040 5106 coniungIt
1062 5042 1153 5106 saepe
1177 5023 1272 5086 etlam
1295 5043 1340 5098 ea,
1372 5039 1451 5104 qnae
1474 5021 1616 5103 55555115
1639 5019 1786 5086 etunius
1809 5022 1931 5104 generis
1954 5024 2046 5086 suut:
2067 5037 2148 5083 non-

359 5159 520 5222 nunquam
542 5142 601 5208 hoc
623 5144 668 5207 ita
690 5145 734 5222 fit,
757 5147 794 5207 ut
816 5163 914 5208 unum
936 5162 1035 5224 genus
1058 5144 1090 5206 in
1113 5162 1186 5208 suas
1209 5145 1313 5224 partes
1336 5140 1493 5206 dIvidatnr
1515 5137 1568 5223 (cf.
1591 5140 1694 5206 Hand.
1717 5161 1746 5224 p.
1764 5142 1826 5206 540
1842 5139 1912 5224 sq).
1957 5141 1990 5223 g)
2013 5138 2148 5221 Simplex
